St
@book {AR,
    AUTHOR = {Ad{\'a}mek, Ji{\v{r}}{\'{\i}} and Rosick{\'y},
              Ji{\v{r}}{\'{\i}}},
     TITLE = {Locally presentable and accessible categories},
    SERIES = {London Mathematical Society Lecture Note Series},
    VOLUME = {189},
 PUBLISHER = {Cambridge University Press},
   ADDRESS = {Cambridge},
      YEAR = {1994},
     PAGES = {xiv+316},
      ISBN = {0-521-42261-2},
      MRCLASS = {18Axx (18-02)},
  MRNUMBER = {MR1294136 (95j:18001)},
MRREVIEWER = {J. R. Isbell},
}
@unpublished {APST,
    AUTHOR = {Angeleri H\"ugel, Lidia and Posp{\'{\i}}{\v{s}}il, David and {\v{S}}{\v{t}}ov{\'{\i}}{\v{c}}ek, Jan and  Trlifaj, Jan},
     TITLE = {Tilting, cotilting, and spectra of commutative noetherian rings},
NOTE = {Preprint, arXiv:1203.0907},
      YEAR = {2013}
 }
@unpublished {AST15,
    AUTHOR = {Angeleri H\"ugel, Lidia and Saroch, Jan  and Trlifaj, Jan},
     TITLE = {Approximations and Mittag-Leffler conditions},
NOTE = {Preprint},
      YEAR = {2015}
 }
@unpublished {AMV,
    AUTHOR = {Angeleri H\"ugel, Lidia and Marks, Frederick and Vitoria, Jorge},
     TITLE = {The heart of a good 1-tilting module},
NOTE = {Preprint},
      YEAR = {2015}
 }
@article {AHRT,
    AUTHOR = {Ad{\'a}mek, Ji{\v{r}}{\'{\i}} and Herrlich, Horst and
              Rosick{\'y}, Ji{\v{r}}{\'{\i}} and Tholen, Walter},
     TITLE = {Weak factorization systems and topological functors},
      NOTE = {Papers in honour of the seventieth birthday of Professor
              Heinrich Kleisli (Fribourg, 2000)},
   JOURNAL = {Appl. Categ. Structures},
  FJOURNAL = {Applied Categorical Structures. A Journal Devoted to
              Applications of Categorical Methods in Algebra, Analysis,
              Order, Topology and Computer Science},
    VOLUME = {10},
      YEAR = {2002},
    NUMBER = {3},
     PAGES = {237--249},
      ISSN = {0927-2852},
     CODEN = {ACASE6},
   MRCLASS = {18A22 (18A32 18B35)},
  MRNUMBER = {1916156 (2003i:18001)},
MRREVIEWER = {Carsten Butz},
       DOI = {10.1023/A:1015270120061},
       URL = {http://dx.doi.org/10.1023/A:1015270120061},
}


@incollection {A,
    AUTHOR = {Auslander, Maurice},
     TITLE = {Functors and morphisms determined by objects},
 BOOKTITLE = {Representation theory of algebras ({P}roc. {C}onf., {T}emple
              {U}niv., {P}hiladelphia, {P}a., 1976)},
     PAGES = {1--244. Lecture Notes in Pure Appl. Math., Vol. 37},
 PUBLISHER = {Dekker},
   ADDRESS = {New York},
      YEAR = {1978},
   MRCLASS = {18E05 (16A64 18G10)},
  MRNUMBER = {0480688 (58 \#844)},
MRREVIEWER = {Petr Nemec},
}


@book {ARS,
    AUTHOR = {Auslander, Maurice and Reiten, Idun and Smal{\o}, Sverre O.},
     TITLE = {Representation theory of {A}rtin algebras},
    SERIES = {Cambridge Studies in Advanced Mathematics},
    VOLUME = {36},
 PUBLISHER = {Cambridge University Press, Cambridge},
      YEAR = {1995},
     PAGES = {xiv+423},
      ISBN = {0-521-41134-3},
   MRCLASS = {16G10 (16-02 16E30 16G70)},
  MRNUMBER = {1314422 (96c:16015)},
MRREVIEWER = {Andrzej Skowro{\'n}ski},
       DOI = {10.1017/CBO9780511623608},
       URL = {http://dx.doi.org/10.1017/CBO9780511623608},
}



@article {AC,
    AUTHOR = {Angeleri H{\"u}gel, Lidia and Coelho, Fl{\'a}vio Ulhoa},
     TITLE = {Infinitely generated tilting modules of finite projective
              dimension},
   JOURNAL = {Forum Math.},
  FJOURNAL = {Forum Mathematicum},
    VOLUME = {13},
      YEAR = {2001},
    NUMBER = {2},
     PAGES = {239--250},
      ISSN = {0933-7741},
     CODEN = {FOMAEF},
   MRCLASS = {16D90 (16E30 16G10)},
  MRNUMBER = {1813669 (2002b:16009)},
MRREVIEWER = {Fran{\c{c}}ois Huard},
       DOI = {10.1515/form.2001.006},
       URL = {http://dx.doi.org/10.1515/form.2001.006},
}



@article {AKL,
    AUTHOR = {Angeleri H{\"u}gel, Lidia and Koenig, Steffen and Liu, Qunhua},
     TITLE = {Recollements and tilting objects},
   JOURNAL = {J. Pure Appl. Algebra},
  FJOURNAL = {Journal of Pure and Applied Algebra},
    VOLUME = {215},
      YEAR = {2011},
    NUMBER = {4},
     PAGES = {420--438},
      ISSN = {0022-4049},
     CODEN = {JPAAA2},
   MRCLASS = {16E35 (18E30 18E40)},
  MRNUMBER = {2738361 (2012d:16023)},
MRREVIEWER = {Octavio Mendoza Hern{\'a}ndez},
       DOI = {10.1016/j.jpaa.2010.04.027},
       URL = {http://dx.doi.org/10.1016/j.jpaa.2010.04.027},
}


@incollection {AT,
    AUTHOR = {Angeleri H{\"u}gel, Lidia and Trlifaj, Jan},
     TITLE = {Direct limits of modules of finite projective dimension},
 BOOKTITLE = {Rings, modules, algebras, and abelian groups},
    SERIES = {Lecture Notes in Pure and Appl. Math.},
    VOLUME = {236},
     PAGES = {27--44},
 PUBLISHER = {Dekker, New York},
      YEAR = {2004},
   MRCLASS = {16D10},
  MRNUMBER = {2050699},
MRREVIEWER = {Fl{\'a}vio Ulhoa Coelho},
}




@article {ATT,
    AUTHOR = {Angeleri H{\"u}gel, Lidia and Tonolo, Alberto and Trlifaj,
              Jan},
     TITLE = {Tilting preenvelopes and cotilting precovers},
   JOURNAL = {Algebr. Represent. Theory},
  FJOURNAL = {Algebras and Representation Theory},
    VOLUME = {4},
      YEAR = {2001},
    NUMBER = {2},
     PAGES = {155--170},
      ISSN = {1386-923X},
     CODEN = {ARTHF4},
   MRCLASS = {16D90 (16E30)},
  MRNUMBER = {1834843 (2002e:16010)},
MRREVIEWER = {K. R. Fuller},
       DOI = {10.1023/A:1011485800557},
       URL = {http://dx.doi.org/10.1023/A:1011485800557},
}

@article {ABH,
    AUTHOR = {Angeleri H{\"u}gel, Lidia and Bazzoni, Silvana and Herbera,
              Dolors},
     TITLE = {A solution to the {B}aer splitting problem},
   JOURNAL = {Trans. Amer. Math. Soc.},
  FJOURNAL = {Transactions of the American Mathematical Society},
    VOLUME = {360},
      YEAR = {2008},
    NUMBER = {5},
     PAGES = {2409--2421},
      ISSN = {0002-9947},
     CODEN = {TAMTAM},
   MRCLASS = {13C05 (13C10 13D07 13G05)},
  MRNUMBER = {MR2373319 (2008j:13015)},
MRREVIEWER = {Amir Mafi},
       DOI = {10.1090/S0002-9947-07-04255-9},
       URL = {http://dx.doi.org/10.1090/S0002-9947-07-04255-9},
}
@article {AHH,
    AUTHOR = {Angeleri H{\"u}gel, Lidia and Herbera, Dolors},
     TITLE = {Mittag-{L}effler conditions on modules},
   JOURNAL = {Indiana Univ. Math. J.},
  FJOURNAL = {Indiana University Mathematics Journal},
    VOLUME = {57},
      YEAR = {2008},
    NUMBER = {5},
     PAGES = {2459--2517},
      ISSN = {0022-2518},
     CODEN = {IUMJAB},
   MRCLASS = {16D10 (16E30)},
  MRNUMBER = {2463975 (2009i:16002)},
MRREVIEWER = {Silvana Bazzoni},
       DOI = {10.1512/iumj.2008.57.3325},
       URL = {http://dx.doi.org/10.1512/iumj.2008.57.3325},
}

@book {AHK,
     TITLE = {Handbook of tilting theory},
    SERIES = {London Mathematical Society Lecture Note Series},
    VOLUME = {332},
    EDITOR = {Angeleri H{\"u}gel, Lidia and Happel, Dieter and Krause,
              Henning},
 PUBLISHER = {Cambridge University Press},
   ADDRESS = {Cambridge},
      YEAR = {2007},
     PAGES = {viii+472},
      ISBN = {978-0-521-68045-5; 0-521-68045-X},
   MRCLASS = {16-06 (16G10)},
  MRNUMBER = {2385175 (2008i:16001)},
       DOI = {10.1017/CBO9780511735134},
       URL = {http://dx.doi.org/10.1017/CBO9780511735134},
}

@article {AEGO,
    AUTHOR = {Aldrich, S. Tempest and Enochs, Edgar E. and Garc{\'{\i}}a
              Rozas, J. R. and Oyonarte, Luis},
     TITLE = {Covers and envelopes in {G}rothendieck categories: flat covers
              of complexes with applications},
   JOURNAL = {J. Algebra},
  FJOURNAL = {Journal of Algebra},
    VOLUME = {243},
      YEAR = {2001},
    NUMBER = {2},
     PAGES = {615--630},
      ISSN = {0021-8693},
     CODEN = {JALGA4},
   MRCLASS = {18E15 (16E05 16E45)},
  MRNUMBER = {MR1850650 (2002i:18010)},
MRREVIEWER = {Mike Prest},
       DOI = {10.1006/jabr.2001.8821},
       URL = {http://dx.doi.org/10.1006/jabr.2001.8821},
}

@article {AJS1,
    AUTHOR = {Alonso Tarr{\'{\i}}o, Leovigildo and Jerem{\'{\i}}as
              L{\'o}pez, Ana and Souto Salorio, Mar{\'{\i}}a Jos{\'e}},
     TITLE = {Localization in categories of complexes and unbounded
              resolutions},
   JOURNAL = {Canad. J. Math.},
  FJOURNAL = {Canadian Journal of Mathematics. Journal Canadien de
              Math\'ematiques},
    VOLUME = {52},
      YEAR = {2000},
    NUMBER = {2},
     PAGES = {225--247},
      ISSN = {0008-414X},
     CODEN = {CJMAAB},
   MRCLASS = {18E15 (18E30 18E35)},
  MRNUMBER = {MR1755776 (2001i:18019)},
MRREVIEWER = {Mike Prest},
       URL =
              {http://journals.cms.math.ca/ams/ams-redirect.php?Journal=CJM&Volume=52&FirstPage=225},
}

@article {AJS2,
    AUTHOR = {Alonso Tarr{\'{\i}}o, Leovigildo and Jerem{\'{\i}}as
              L{\'o}pez, Ana and Souto Salorio, Mar{\'{\i}}a Jos{\'e}},
     TITLE = {Construction of {$t$}-structures and equivalences of derived
              categories},
   JOURNAL = {Trans. Amer. Math. Soc.},
  FJOURNAL = {Transactions of the American Mathematical Society},
    VOLUME = {355},
      YEAR = {2003},
    NUMBER = {6},
     PAGES = {2523--2543 (electronic)},
      ISSN = {0002-9947},
     CODEN = {TAMTAM},
   MRCLASS = {18E30 (14F05 16D90)},
  MRNUMBER = {MR1974001 (2004c:18020)},
MRREVIEWER = {Maurizio Cailotto},
       DOI = {10.1090/S0002-9947-03-03261-6},
       URL = {http://dx.doi.org/10.1090/S0002-9947-03-03261-6},
}

@article {AC,
    AUTHOR = {Lidia Angeleri H{\"u}gel and Fl{\'a}vio U. Coelho},
     TITLE = {Infinitely generated tilting modules of finite projective
              dimension},
   JOURNAL = {Forum Math.},
  FJOURNAL = {Forum Mathematicum},
    VOLUME = {13},
      YEAR = {2001},
    NUMBER = {2},
     PAGES = {239--250},
      ISSN = {0933-7741},
     CODEN = {FOMAEF},
   MRCLASS = {16D90 (16E30 16G10)},
  MRNUMBER = {1813669 (2002b:16009)},
MRREVIEWER = {Fran{\c{c}}ois Huard},
       DOI = {10.1515/form.2001.006},
       URL = {http://dx.doi.org/10.1515/form.2001.006},
}
@article {AS,
    AUTHOR = {Lidia Angeleri H{\"u}gel and Javier S{\'a}nchez},
     TITLE = {Tilting modules arising from ring epimorphisms},
   JOURNAL = {Algebr. Represent. Theory},
  FJOURNAL = {Algebras and Representation Theory},
    VOLUME = {14},
      YEAR = {2011},
    NUMBER = {2},
     PAGES = {217--246},
      ISSN = {1386-923X},
     CODEN = {ARTHF4},
   MRCLASS = {16E30 (16E60 16E65 16P50 16S10)},
  MRNUMBER = {2776783 (2012b:16021)},
MRREVIEWER = {Jun-ichi Miyachi},
       DOI = {10.1007/s10468-009-9186-x},
       URL = {http://dx.doi.org/10.1007/s10468-009-9186-x},
}

@article {AH,
    AUTHOR = {Angeleri H{\"u}gel, Lidia and Herbera, Dolors},
     TITLE = {Mittag-{L}effler conditions on modules},
   JOURNAL = {Indiana Univ. Math. J.},
  FJOURNAL = {Indiana University Mathematics Journal},
    VOLUME = {57},
      YEAR = {2008},
    NUMBER = {5},
     PAGES = {2459--2517},
      ISSN = {0022-2518},
     CODEN = {IUMJAB},
   MRCLASS = {16D10 (16E30)},
  MRNUMBER = {2463975 (2009i:16002)},
MRREVIEWER = {Silvana Bazzoni},
       DOI = {10.1512/iumj.2008.57.3325},
       URL = {http://dx.doi.org/10.1512/iumj.2008.57.3325},
}
@article {Beck12,
    AUTHOR = {Becker, Hanno},
     TITLE = {Models for singularity categories},
   JOURNAL = {Adv. Math.},
  FJOURNAL = {Advances in Mathematics},
    VOLUME = {254},
      YEAR = {2014},
     PAGES = {187--232},
      ISSN = {0001-8708},
   MRCLASS = {55U35 (16E35 18E30)},
  MRNUMBER = {3161097},
MRREVIEWER = {Timothy Porter},
       DOI = {10.1016/j.aim.2013.11.016},
       URL = {http://dx.doi.org/10.1016/j.aim.2013.11.016},
}
@article {AHHT,
    AUTHOR = {Angeleri H{\"u}gel, Lidia and Herbera, Dolors and Trlifaj,
              Jan},
     TITLE = {Tilting modules and {G}orenstein rings},
   JOURNAL = {Forum Math.},
  FJOURNAL = {Forum Mathematicum},
    VOLUME = {18},
      YEAR = {2006},
    NUMBER = {2},
     PAGES = {211--229},
      ISSN = {0933-7741},
     CODEN = {FOMAEF},
   MRCLASS = {16E10 (16D90 16E65)},
  MRNUMBER = {2218418 (2007b:16014)},
MRREVIEWER = {Jiaqun Wei},
       DOI = {10.1515/FORUM.2006.013},
       URL = {http://dx.doi.org/10.1515/FORUM.2006.013},
}



@article {AzFa,
    AUTHOR = {Azumaya, Goro and Facchini, Alberto},
     TITLE = {Rings of pure global dimension zero and {M}ittag-{L}effler
              modules},
   JOURNAL = {J. Pure Appl. Algebra},
  FJOURNAL = {Journal of Pure and Applied Algebra},
    VOLUME = {62},
      YEAR = {1989},
    NUMBER = {2},
     PAGES = {109--122},
      ISSN = {0022-4049},
     CODEN = {JPAAA2},
   MRCLASS = {16D40 (16E70 16G60)},
  MRNUMBER = {1027751 (91d:16002)},
MRREVIEWER = {Birge Huisgen-Zimmermann},
       DOI = {10.1016/0022-4049(89)90146-1},
       URL = {http://dx.doi.org/10.1016/0022-4049(89)90146-1},
}

@article {BaFa11,
    AUTHOR = {Balmer, Paul and Favi, Giordano},
     TITLE = {Generalized tensor idempotents and the telescope conjecture},
   JOURNAL = {Proc. Lond. Math. Soc. (3)},
  FJOURNAL = {Proceedings of the London Mathematical Society. Third Series},
    VOLUME = {102},
      YEAR = {2011},
    NUMBER = {6},
     PAGES = {1161--1185},
      ISSN = {0024-6115},
   MRCLASS = {18E30 (14F05 55P60)},
  MRNUMBER = {2806103 (2012d:18010)},
MRREVIEWER = {Fernando Muro},
       DOI = {10.1112/plms/pdq050},
       URL = {http://dx.doi.org/10.1112/plms/pdq050},
}
@article {B03,
    AUTHOR = {Bazzoni, Silvana},
     TITLE = {Cotilting modules are pure-injective},
   JOURNAL = {Proc. Amer. Math. Soc.},
  FJOURNAL = {Proceedings of the American Mathematical Society},
    VOLUME = {131},
      YEAR = {2003},
    NUMBER = {12},
     PAGES = {3665--3672 (electronic)},
      ISSN = {0002-9939},
     CODEN = {PAMYAR},
   MRCLASS = {16S90 (16D50 16E30 16G99)},
  MRNUMBER = {1998172 (2004f:16049)},
MRREVIEWER = {Jan Trlifaj},
       DOI = {10.1090/S0002-9939-03-06938-7},
       URL = {http://dx.doi.org/10.1090/S0002-9939-03-06938-7},
}
@article {BH08,
    AUTHOR = {Bazzoni, Silvana and Herbera, Dolors},
     TITLE = {One dimensional tilting modules are of finite type},
   JOURNAL = {Algebr. Represent. Theory},
  FJOURNAL = {Algebras and Representation Theory},
    VOLUME = {11},
      YEAR = {2008},
    NUMBER = {1},
     PAGES = {43--61},
      ISSN = {1386-923X},
     CODEN = {ARTHF4},
   MRCLASS = {16E30 (16D90)},
  MRNUMBER = {2369100 (2009a:16010)},
MRREVIEWER = {Septimiu Crivei},
       DOI = {10.1007/s10468-007-9064-3},
       URL = {http://dx.doi.org/10.1007/s10468-007-9064-3},
}
@article {BH09,
    AUTHOR = {Bazzoni, Silvana and Herbera, Dolors},
     TITLE = {Cotorsion pairs generated by modules of bounded projective
              dimension},
   JOURNAL = {Israel J. Math.},
  FJOURNAL = {Israel Journal of Mathematics},
    VOLUME = {174},
      YEAR = {2009},
     PAGES = {119--160},
      ISSN = {0021-2172},
     CODEN = {ISJMAP},
   MRCLASS = {16E30 (16E10)},
  MRNUMBER = {2581211 (2011a:16018)},
MRREVIEWER = {Alina C. Iacob},
       DOI = {10.1007/s11856-009-0106-x},
       URL = {http://dx.doi.org/10.1007/s11856-009-0106-x},
}
@unpublished {BCIE,
    AUTHOR = {Bazzoni, Silvana and Cort\'es-Izurdiaga, Manolo and Estrada, Sergio},
     TITLE = {Periodic modules},
NOTE = {Preprint},
      YEAR = {2017}
 }
@article {Bass,
    AUTHOR = {Bass, Hyman},
     TITLE = {Finitistic dimension and a homological generalization of
              semi-primary rings},
   JOURNAL = {Trans. Amer. Math. Soc.},
  FJOURNAL = {Transactions of the American Mathematical Society},
    VOLUME = {95},
      YEAR = {1960},
     PAGES = {466--488},
      ISSN = {0002-9947},
   MRCLASS = {16.90 (16.40)},
  MRNUMBER = {0157984 (28 \#1212)},
MRREVIEWER = {F. Kasch},
}

@article {B04,
    AUTHOR = {Bazzoni, Silvana},

     TITLE = {A characterization of {$n$}-cotilting and {$n$}-tilting
              modules},
   JOURNAL = {J. Algebra},
  FJOURNAL = {Journal of Algebra},
    VOLUME = {273},
      YEAR = {2004},
    NUMBER = {1},
     PAGES = {359--372},
      ISSN = {0021-8693},
     CODEN = {JALGA4},
   MRCLASS = {16G10},
  MRNUMBER = {2032465 (2005h:16017)},
       DOI = {10.1016/S0021-8693(03)00432-0},
       URL = {http://dx.doi.org/10.1016/S0021-8693(03)00432-0},
}


@article {B07,
    AUTHOR = {Bazzoni, Silvana},
     TITLE = {Cotilting and tilting modules over {P}r\"ufer domains},
   JOURNAL = {Forum Math.},
  FJOURNAL = {Forum Mathematicum},
    VOLUME = {19},
      YEAR = {2007},
    NUMBER = {6},
     PAGES = {1005--1027},
      ISSN = {0933-7741},
     CODEN = {FOMAEF},
   MRCLASS = {13G05 (13F05 16D30 16D90)},
  MRNUMBER = {2367952 (2008i:13038)},
MRREVIEWER = {Septimiu Crivei},
       DOI = {10.1515/FORUM.2007.039},
       URL = {http://dx.doi.org/10.1515/FORUM.2007.039},
}





@article {B10,
    AUTHOR = {Bazzoni, Silvana},
     TITLE = {Equivalences induced by infinitely generated tilting modules},
   JOURNAL = {Proc. Amer. Math. Soc.},
  FJOURNAL = {Proceedings of the American Mathematical Society},
    VOLUME = {138},
      YEAR = {2010},
    NUMBER = {2},
     PAGES = {533--544},
      ISSN = {0002-9939},
     CODEN = {PAMYAR},
   MRCLASS = {16D90 (16E30 16G99)},
  MRNUMBER = {2557170 (2011a:16012)},
MRREVIEWER = {Jun-ichi Miyachi},
       DOI = {10.1090/S0002-9939-09-10120-X},
       URL = {http://dx.doi.org/10.1090/S0002-9939-09-10120-X},
}

@article {BMT,
    AUTHOR = {Bazzoni, Silvana and Mantese, Francesca and Tonolo, Alberto},
     TITLE = {Derived equivalence induced by infinitely generated
              {$n$}-tilting modules},
   JOURNAL = {Proc. Amer. Math. Soc.},
  FJOURNAL = {Proceedings of the American Mathematical Society},
    VOLUME = {139},
      YEAR = {2011},
    NUMBER = {12},
     PAGES = {4225--4234},
      ISSN = {0002-9939},
     CODEN = {PAMYAR},
   MRCLASS = {16D90 (18E30 18E35)},
  MRNUMBER = {2823068 (2012d:16014)},
MRREVIEWER = {Jun-ichi Miyachi},
       DOI = {10.1090/S0002-9939-2011-10900-6},
       URL = {http://dx.doi.org/10.1090/S0002-9939-2011-10900-6},
}



@article {BP,
    AUTHOR = {Bazzoni, Silvana and Pavarin, Alice},
     TITLE = {Recollements from partial tilting complexes},
   JOURNAL = {J. Algebra},
  FJOURNAL = {Journal of Algebra},
    VOLUME = {388},
      YEAR = {2013},
     PAGES = {338--363},
      ISSN = {0021-8693},
     CODEN = {JALGA4},
   MRCLASS = {16D90 (16E30)},
  MRNUMBER = {3061693},
       DOI = {10.1016/j.jalgebra.2013.03.037},
       URL = {http://dx.doi.org/10.1016/j.jalgebra.2013.03.037},
}

@unpublished {BHPST,
    AUTHOR = {Bazzoni, Silvana and Herzog, Ivo and Prihoda, Pavel and {\v{S}}aroch, Jan and Trlifaj, Jan},
     TITLE = {Tilting, pure projectivity and {S}aor{\'i}n's problem},
      NOTE = {Preprint},
      YEAR = {2016}
}


@unpublished {Baz13,
    AUTHOR = {Bazzoni, Silvana},
     TITLE = {The telescope conjecture for semihereditary commutative rings},
      NOTE = {Preprint, arXiv:1301.2553v1},
      YEAR = {2013}
}
@unpublished {BS,
    AUTHOR = {Bazzoni, Silvana and {\v{S}}{\v{t}}ov{\'{\i}}{\v{c}}ek, Jan },
     TITLE = {Smashing localizations of rings of weak global dimension one},
      NOTE = {Preprint, arXiv::1402.7294 },
      YEAR = {2014}
}


@article {BS07,
    AUTHOR = {Bazzoni, Silvana and {\v{S}}{\v{t}}ov{\'{\i}}{\v{c}}ek, Jan},
     TITLE = {All tilting modules are of finite type},
   JOURNAL = {Proc. Amer. Math. Soc.},
  FJOURNAL = {Proceedings of the American Mathematical Society},
    VOLUME = {135},
      YEAR = {2007},
    NUMBER = {12},
     PAGES = {3771--3781 (electronic)},
      ISSN = {0002-9939},
     CODEN = {PAMYAR},
   MRCLASS = {16D10 (16D90)},
  MRNUMBER = {MR2341926 (2008m:16005)},
MRREVIEWER = {D. Zacharia},
       DOI = {10.1090/S0002-9939-07-08911-3},
       URL = {http://dx.doi.org/10.1090/S0002-9939-07-08911-3},
}

@article {Beck14,
    AUTHOR = {Becker, Hanno},
     TITLE = {Models for singularity categories},
   JOURNAL = {Adv. Math.},
  FJOURNAL = {Advances in Mathematics},
    VOLUME = {254},
      YEAR = {2014},
     PAGES = {187--232},
      ISSN = {0001-8708},
   MRCLASS = {55U35 (16E35 18E30)},
  MRNUMBER = {3161097},
MRREVIEWER = {Timothy Porter},
       DOI = {10.1016/j.aim.2013.11.016},
       URL = {http://dx.doi.org/10.1016/j.aim.2013.11.016},
}


@incollection {BBD,
    AUTHOR = {Be{\u\i}linson, A. A. and Bernstein, J. and Deligne, P.},
     TITLE = {Faisceaux pervers},
 BOOKTITLE = {Analysis and topology on singular spaces, {I} ({L}uminy,
              1981)},
    SERIES = {Ast\'erisque},
    VOLUME = {100},
     PAGES = {5--171},
 PUBLISHER = {Soc. Math. France},
   ADDRESS = {Paris},
      YEAR = {1982},
   MRCLASS = {32C38},
  MRNUMBER = {MR751966 (86g:32015)},
MRREVIEWER = {Zoghman Mebkhout},
}

@article {BEL,
    AUTHOR = {Beligiannis, Apostolos},
     TITLE = {Cohen-{M}acaulay modules, (co)torsion pairs and virtually
              {G}orenstein algebras},
   JOURNAL = {J. Algebra},
  FJOURNAL = {Journal of Algebra},
    VOLUME = {288},
      YEAR = {2005},
    NUMBER = {1},
     PAGES = {137--211},
      ISSN = {0021-8693},
     CODEN = {JALGA4},
   MRCLASS = {16E65 (16G10 16G50)},
  MRNUMBER = {MR2138374 (2006i:16017)},
MRREVIEWER = {Henning Krause},
       DOI = {10.1016/j.jalgebra.2005.02.022},
       URL = {http://dx.doi.org/10.1016/j.jalgebra.2005.02.022},
}

@article {BR,
    AUTHOR = {Beligiannis, Apostolos and Reiten, Idun},
     TITLE = {Homological and homotopical aspects of torsion theories},
   JOURNAL = {Mem. Amer. Math. Soc.},
  FJOURNAL = {Memoirs of the American Mathematical Society},
    VOLUME = {188},
      YEAR = {2007},
    NUMBER = {883},
     PAGES = {viii+207},
      ISSN = {0065-9266},
     CODEN = {MAMCAU},
   MRCLASS = {18G55 (20J05 55U35)},
  MRNUMBER = {MR2327478 (2009e:18026)},
}

@article {BIK,
    AUTHOR = {Benson, Dave and Iyengar, Srikanth B. and Krause, Henning},
     TITLE = {Local cohomology and support for triangulated categories},
   JOURNAL = {Ann. Sci. \'Ec. Norm. Sup\'er. (4)},
  FJOURNAL = {Annales Scientifiques de l'\'Ecole Normale Sup\'erieure.
              Quatri\`eme S\'erie},
    VOLUME = {41},
      YEAR = {2008},
    NUMBER = {4},
     PAGES = {573--619},
      ISSN = {0012-9593},
   MRCLASS = {18E30 (13D45 16E30 20J05)},
  MRNUMBER = {2489634 (2009k:18012)},
MRREVIEWER = {Apostolos D. Beligiannis},
}

@article {BEE,
    AUTHOR = {Bican, L. and El Bashir, R. and Enochs, E.},
     TITLE = {All modules have flat covers},
   JOURNAL = {Bull. London Math. Soc.},
  FJOURNAL = {The Bulletin of the London Mathematical Society},
    VOLUME = {33},
      YEAR = {2001},
    NUMBER = {4},
     PAGES = {385--390},
      ISSN = {0024-6093},
     CODEN = {LMSBBT},
   MRCLASS = {16D40 (16D90 16E30)},
  MRNUMBER = {MR1832549 (2002e:16002)},
MRREVIEWER = {Lidia Angeleri H{\"u}gel},
       DOI = {10.1017/S0024609301008104},
       URL = {http://dx.doi.org/10.1017/S0024609301008104},
}

@article {BN93,
    AUTHOR = {B{\"o}kstedt, Marcel and Neeman, Amnon},
     TITLE = {Homotopy limits in triangulated categories},
   JOURNAL = {Compositio Math.},
  FJOURNAL = {Compositio Mathematica},
    VOLUME = {86},
      YEAR = {1993},
    NUMBER = {2},
     PAGES = {209--234},
      ISSN = {0010-437X},
     CODEN = {CMPMAF},
   MRCLASS = {18E30 (18E35)},
  MRNUMBER = {1214458 (94f:18008)},
MRREVIEWER = {Jeremy Rickard},
       URL = {http://www.numdam.org/item?id=CM_1993__86_2_209_0},
}



@incollection {Bo81,
    AUTHOR = {Bongartz, Klaus},
     TITLE = {Tilted algebras},
 BOOKTITLE = {Representations of algebras ({P}uebla, 1980)},
    SERIES = {Lecture Notes in Math.},
    VOLUME = {903},
     PAGES = {26--38},
 PUBLISHER = {Springer},
   ADDRESS = {Berlin},
      YEAR = {1981},
   MRCLASS = {16A64},
  MRNUMBER = {654701 (83g:16053)},
}



@unpublished {BO95,
    AUTHOR = {Bondal, Alexey I. and Orlov, Dmitri O.},
     TITLE = {Semiorthogonal decomposition for algebraic varieties},
      NOTE = {Preprint, arXiv:alg-geom/9506012v1},
      YEAR = {1995}
}

@unpublished {B,
	  author = {Bondarko, M. V.},
	   title = {Weight structures and motives; comotives, coniveau and {C}how-weight spectral sequences, and mixed complexes of sheaves: a survey},
	    note = {Preprint, arXiv:0903.0091v4},
	    year = {2010}
}

@article {B2,
    AUTHOR = {Bondarko, M. V.},
     TITLE = {Weight structures vs. {$t$}-structures; weight filtrations,
              spectral sequences, and complexes (for motives and in
              general)},
   JOURNAL = {J. K-Theory},
  FJOURNAL = {Journal of K-Theory. K-Theory and its Applications in Algebra,
              Geometry, Analysis \& Topology},
    VOLUME = {6},
      YEAR = {2010},
    NUMBER = {3},
     PAGES = {387--504},
      ISSN = {1865-2433},
   MRCLASS = {18E30 (18Gxx)},
  MRNUMBER = {2746283},
       DOI = {10.1017/is010012005jkt083},
       URL = {http://dx.doi.org/10.1017/is010012005jkt083},
}



@article {Bou79,
    AUTHOR = {Bousfield, A. K.},
     TITLE = {The localization of spectra with respect to homology},
   JOURNAL = {Topology},
  FJOURNAL = {Topology. An International Journal of Mathematics},
    VOLUME = {18},
      YEAR = {1979},
    NUMBER = {4},
     PAGES = {257--281},
      ISSN = {0040-9383},
     CODEN = {TPLGAF},
   MRCLASS = {55N20 (55N15 55P60)},
  MRNUMBER = {MR551009 (80m:55006)},
MRREVIEWER = {Willi Meier},
       DOI = {10.1016/0040-9383(79)90018-1},
       URL = {http://dx.doi.org/10.1016/0040-9383(79)90018-1},
}

@unpublished{EBIJR,
    AUTHOR = {Bravo, Diego and Enochs, Edgar E. and Iacob, Alina C. and Jenda, Overtoun M. G. and Rada, Juan},
     TITLE = {Cotorsion Pairs in {C}({R}-{M}od)},
      NOTE = {To appear in Rocky Mountain J. Math.},
      YEAR = {2010}
}
@unpublished{BGH,
    AUTHOR = {Bravo, Daniel and Gillespie James and Hovey, Mark},
     TITLE = {The stable module category of a general ring},
      NOTE = {arXiv:1405.5768},
      YEAR = {2014}
}
@article {Bu,
    AUTHOR = {B{\"u}hler, Theo},
     TITLE = {Exact categories},
   JOURNAL = {Expo. Math.},
  FJOURNAL = {Expositiones Mathematicae},
    VOLUME = {28},
      YEAR = {2010},
    NUMBER = {1},
     PAGES = {1--69},
      ISSN = {0723-0869},
   MRCLASS = {18E10 (18-02 18E30)},
  MRNUMBER = {2606234},
MRREVIEWER = {Sunil K. Chebolu},
       DOI = {10.1016/j.exmath.2009.04.004},
       URL = {http://dx.doi.org/10.1016/j.exmath.2009.04.004},
}
@article {BG,
    AUTHOR = {Benson, D. J. and Goodearl, K. R.},
     TITLE = {Periodic flat modules, and flat modules for finite groups},
   JOURNAL = {Pacific J. Math.},
  FJOURNAL = {Pacific Journal of Mathematics},
    VOLUME = {196},
      YEAR = {2000},
    NUMBER = {1},
     PAGES = {45--67},
      ISSN = {0030-8730},
     CODEN = {PJMAAI},
   MRCLASS = {20C07 (16D40 16W50)},
  MRNUMBER = {1797235},
MRREVIEWER = {Jon F. Carlson},
       DOI = {10.2140/pjm.2000.196.45},
       URL = {http://dx.doi.org/10.2140/pjm.2000.196.45},
}


@book {CE56,
    AUTHOR = {Cartan, Henri and Eilenberg, Samuel},
     TITLE = {Homological algebra},
 PUBLISHER = {Princeton University Press},
   ADDRESS = {Princeton, N. J.},
      YEAR = {1956},
     PAGES = {xv+390},
   MRCLASS = {09.0X},
  MRNUMBER = {0077480 (17,1040e)},
MRREVIEWER = {G. Hochschild},
}

@article {CN09,
    AUTHOR = {Casacuberta, Carles and Neeman, Amnon},
     TITLE = {Brown representability does not come for free},
   JOURNAL = {Math. Res. Lett.},
  FJOURNAL = {Mathematical Research Letters},
    VOLUME = {16},
      YEAR = {2009},
    NUMBER = {1},
     PAGES = {1--5},
      ISSN = {1073-2780},
   MRCLASS = {18E30 (18E15 55P65)},
  MRNUMBER = {2480555 (2010j:18020)},
}

@article {Ch,
    AUTHOR = {Chase, Stephen U.},
     TITLE = {Direct products of modules},
   JOURNAL = {Trans. Amer. Math. Soc.},
  FJOURNAL = {Transactions of the American Mathematical Society},
    VOLUME = {97},
      YEAR = {1960},
     PAGES = {457--473},
      ISSN = {0002-9947},
   MRCLASS = {16.00 (18.00)},
  MRNUMBER = {MR0120260 (22 \#11017)},
MRREVIEWER = {D. Zelinsky},
}
@article {CGM07,
    AUTHOR = {Colpi, Riccardo and Gregorio, Enrico and Mantese, Francesca},
     TITLE = {On the heart of a faithful torsion theory},
   JOURNAL = {J. Algebra},
  FJOURNAL = {Journal of Algebra},
    VOLUME = {307},
      YEAR = {2007},
    NUMBER = {2},
     PAGES = {841--863},
      ISSN = {0021-8693},
     CODEN = {JALGA4},
   MRCLASS = {18E10 (16S90 18E30 18E40)},
  MRNUMBER = {2275375},
MRREVIEWER = {Mike Prest},
       DOI = {10.1016/j.jalgebra.2006.01.020},
       URL = {http://dx.doi.org/10.1016/j.jalgebra.2006.01.020},
}
@article {CM,
    AUTHOR = {Colpi, Riccardo and Menini, Claudia},
     TITLE = {On the structure of {$*$}-modules},
   JOURNAL = {J. Algebra},
  FJOURNAL = {Journal of Algebra},
    VOLUME = {158},
      YEAR = {1993},
    NUMBER = {2},
     PAGES = {400--419},
      ISSN = {0021-8693},
     CODEN = {JALGA4},
   MRCLASS = {16D90},
  MRNUMBER = {1226797 (94i:16003)},
MRREVIEWER = {J. Zelmanowitz},
       DOI = {10.1006/jabr.1993.1138},
       URL = {http://dx.doi.org/10.1006/jabr.1993.1138},
}


@article {CX,
    AUTHOR = {Chen, Hongxing and Xi, Changchang},
     TITLE = {Good tilting modules and recollements of derived module
              categories},
   JOURNAL = {Proc. Lond. Math. Soc. (3)},
  FJOURNAL = {Proceedings of the London Mathematical Society. Third Series},
    VOLUME = {104},
      YEAR = {2012},
    NUMBER = {5},
     PAGES = {959--996},
      ISSN = {0024-6115},
   MRCLASS = {16G10 (16E35)},
  MRNUMBER = {2928333},
MRREVIEWER = {Jiaqun Wei},
       DOI = {10.1112/plms/pdr056},
       URL = {http://dx.doi.org/10.1112/plms/pdr056},
}

@unpublished {CX2,
    AUTHOR = {Chen, Hongxing and Xi, Changchang },
     TITLE = {Tilting modules and homological categories},
      NOTE = {Preprint, arXiv:1206.0522},
      YEAR = {2012}
}



@article {CT,
    AUTHOR = {Colpi, Riccardo and Trlifaj, Jan},
     TITLE = {Tilting modules and tilting torsion theories},
   JOURNAL = {J. Algebra},
  FJOURNAL = {Journal of Algebra},
    VOLUME = {178},
      YEAR = {1995},
    NUMBER = {2},
     PAGES = {614--634},
      ISSN = {0021-8693},
     CODEN = {JALGA4},
   MRCLASS = {16D20 (16B50 16D90 18E40)},
  MRNUMBER = {1359905 (97e:16003)},
MRREVIEWER = {Sverre O. Smal{\o}},
       DOI = {10.1006/jabr.1995.1368},
       URL = {http://dx.doi.org/10.1006/jabr.1995.1368},
}




@article {CTT,
    AUTHOR = {Colpi, Riccardo and Tonolo, Alberto and Trlifaj, Jan},
     TITLE = {Perpendicular categories of infinite dimensional partial
              tilting modules and transfers of tilting torsion classes},
   JOURNAL = {J. Pure Appl. Algebra},
  FJOURNAL = {Journal of Pure and Applied Algebra},
    VOLUME = {211},
      YEAR = {2007},
    NUMBER = {1},
     PAGES = {223--234},
      ISSN = {0022-4049},
     CODEN = {JPAAA2},
   MRCLASS = {16D90 (18E35 18E40)},
  MRNUMBER = {2333768 (2008j:16024)},
MRREVIEWER = {Pham Ngoc Anh},
       DOI = {10.1016/j.jpaa.2007.01.004},
       URL = {http://dx.doi.org/10.1016/j.jpaa.2007.01.004},
}



@article {CB,
    AUTHOR = {Crawley-Boevey, William},
     TITLE = {Locally finitely presented additive categories},
   JOURNAL = {Comm. Algebra},
  FJOURNAL = {Communications in Algebra},
    VOLUME = {22},
      YEAR = {1994},
    NUMBER = {5},
     PAGES = {1641--1674},
      ISSN = {0092-7872},
     CODEN = {COALDM},
   MRCLASS = {18E15 (18E05 18G25)},
  MRNUMBER = {1264733 (95h:18009)},
MRREVIEWER = {Daniel Simson},
       DOI = {10.1080/00927879408824927},
       URL = {http://dx.doi.org/10.1080/00927879408824927},
}


@incollection {CB1,
    AUTHOR = {Crawley-Boevey, William},
     TITLE = {Infinite-dimensional modules in the representation theory of
              finite-dimensional algebras},
 BOOKTITLE = {Algebras and modules, {I} ({T}rondheim, 1996)},
    SERIES = {CMS Conf. Proc.},
    VOLUME = {23},
     PAGES = {29--54},
 PUBLISHER = {Amer. Math. Soc., Providence, RI},
      YEAR = {1998},
   MRCLASS = {16G10},
  MRNUMBER = {1648602},
MRREVIEWER = {Frank Okoh},
}




@incollection {Dr,
    AUTHOR = {Drinfeld, Vladimir},
     TITLE = {Infinite-dimensional vector bundles in algebraic geometry: an
              introduction},
 BOOKTITLE = {The unity of mathematics},
    SERIES = {Progr. Math.},
    VOLUME = {244},
     PAGES = {263--304},
 PUBLISHER = {Birkh\"auser Boston},
   ADDRESS = {Boston, MA},
      YEAR = {2006},
   MRCLASS = {14F05 (14C35 14F42)},
  MRNUMBER = {2181808 (2007d:14038)},
}

@book {EM,
    AUTHOR = {Eklof, Paul C. and Mekler, Alan H.},
     TITLE = {Almost free modules},
    SERIES = {North-Holland Mathematical Library},
    VOLUME = {65},
   EDITION = {Revised},
      NOTE = {Set-theoretic methods},
 PUBLISHER = {North-Holland Publishing Co.},
   ADDRESS = {Amsterdam},
      YEAR = {2002},
     PAGES = {xxii+597},
      ISBN = {0-444-50492-3},
   MRCLASS = {20A15 (03C60 03E05 03E75)},
  MRNUMBER = {1914985 (2003e:20002)},
}
@article {ET00,
    AUTHOR = {Eklof, Paul C. and Trlifaj, Jan},
     TITLE = {Covers induced by {E}xt},
   JOURNAL = {J. Algebra},
  FJOURNAL = {Journal of Algebra},
    VOLUME = {231},
      YEAR = {2000},
    NUMBER = {2},
     PAGES = {640--651},
      ISSN = {0021-8693},
     CODEN = {JALGA4},
   MRCLASS = {16E30},
  MRNUMBER = {1778163 (2001f:16021)},
MRREVIEWER = {Enrico Gregorio},
       DOI = {10.1006/jabr.2000.8343},
       URL = {http://dx.doi.org/10.1006/jabr.2000.8343},
}


@article {ET01,
    AUTHOR = {Eklof, Paul C. and Trlifaj, Jan},
     TITLE = {How to make {E}xt vanish},
   JOURNAL = {Bull. London Math. Soc.},
  FJOURNAL = {The Bulletin of the London Mathematical Society},
    VOLUME = {33},
      YEAR = {2001},
    NUMBER = {1},
     PAGES = {41--51},
      ISSN = {0024-6093},
     CODEN = {LMSBBT},
   MRCLASS = {16E30 (18G15 20K40)},
  MRNUMBER = {1798574 (2001i:16015)},
MRREVIEWER = {Enrico Gregorio},
       DOI = {10.1112/blms/33.1.41},
       URL = {http://dx.doi.org/10.1112/blms/33.1.41},
}

@article {ElB,
    AUTHOR = {El Bashir, Robert},
     TITLE = {Covers and directed colimits},
   JOURNAL = {Algebr. Represent. Theory},
  FJOURNAL = {Algebras and Representation Theory},
    VOLUME = {9},
      YEAR = {2006},
    NUMBER = {5},
     PAGES = {423--430},
      ISSN = {1386-923X},
     CODEN = {ARTHF4},
   MRCLASS = {16D10},
  MRNUMBER = {MR2252654 (2007k:16003)},
MRREVIEWER = {Rafail Alizade},
       DOI = {10.1007/s10468-006-9030-5},
       URL = {http://dx.doi.org/10.1007/s10468-006-9030-5},
}

@article {Eno,
    AUTHOR = {Enochs, Edgar E.},
     TITLE = {Injective and flat covers, envelopes and resolvents},
   JOURNAL = {Israel J. Math.},
  FJOURNAL = {Israel Journal of Mathematics},
    VOLUME = {39},
      YEAR = {1981},
    NUMBER = {3},
     PAGES = {189--209},
      ISSN = {0021-2172},
     CODEN = {ISJMAP},
   MRCLASS = {16A53 (13H05 16A33 16A49 18B30)},
  MRNUMBER = {MR636889 (83a:16031)},
MRREVIEWER = {M. Teply},
       DOI = {10.1007/BF02760849},
       URL = {http://dx.doi.org/10.1007/BF02760849},
}

@article {Eno2,
    AUTHOR = {Enochs, Edgar E.},
     TITLE = {Shortening filtrations},
   JOURNAL = {Sci. China Math.},
  FJOURNAL = {Science China. Mathematics},
    VOLUME = {55},
      YEAR = {2012},
    NUMBER = {4},
     PAGES = {687--693},
      ISSN = {1674-7283},
   MRCLASS = {16D10 (16D70 16E05)},
  MRNUMBER = {2903453},
MRREVIEWER = {Alberto Tonolo},
       DOI = {10.1007/s11425-011-4334-2},
       URL = {http://dx.doi.org/10.1007/s11425-011-4334-2},
}

@article {EE,
    AUTHOR = {Enochs, Edgar and Estrada, Sergio},
     TITLE = {Relative homological algebra in the category of quasi-coherent
              sheaves},
   JOURNAL = {Adv. Math.},
  FJOURNAL = {Advances in Mathematics},
    VOLUME = {194},
      YEAR = {2005},
    NUMBER = {2},
     PAGES = {284--295},
      ISSN = {0001-8708},
     CODEN = {ADMTA4},
   MRCLASS = {16D90 (14F05)},
  MRNUMBER = {MR2139915 (2006a:16012)},
MRREVIEWER = {Dmitriy S. Boyarchenko},
       DOI = {10.1016/j.aim.2004.06.007},
       URL = {http://dx.doi.org/10.1016/j.aim.2004.06.007},
}

@article {EEGO,
    AUTHOR = {Enochs, Edgar and Estrada, S. and Garc{\'{\i}}a Rozas, J. R.
              and Oyonarte, L.},
     TITLE = {Flat covers in the category of quasi-coherent sheaves over the
              projective line},
   JOURNAL = {Comm. Algebra},
  FJOURNAL = {Communications in Algebra},
    VOLUME = {32},
      YEAR = {2004},
    NUMBER = {4},
     PAGES = {1497--1508},
      ISSN = {0092-7872},
     CODEN = {COALDM},
   MRCLASS = {14F05 (16D90)},
  MRNUMBER = {MR2100370 (2005m:14024)},
MRREVIEWER = {Dmitriy S. Boyarchenko},
       DOI = {10.1081/AGB-120028794},
       URL = {http://dx.doi.org/10.1081/AGB-120028794},
}

@book {EJ,
    AUTHOR = {Enochs, Edgar E. and Jenda, Overtoun M. G.},
     TITLE = {Relative homological algebra},
    SERIES = {de Gruyter Expositions in Mathematics},
    VOLUME = {30},
 PUBLISHER = {Walter de Gruyter \& Co.},
   ADDRESS = {Berlin},
      YEAR = {2000},
     PAGES = {xii+339},
      ISBN = {3-11-016633-X},
   MRCLASS = {16E65 (13H10 16-02 16E10 18G25)},
  MRNUMBER = {1753146 (2001h:16013)},
MRREVIEWER = {J. Kuzmanovich},
       DOI = {10.1515/9783110803662},
       URL = {http://dx.doi.org/10.1515/9783110803662},
}

@book {EJv2,
    AUTHOR = {Enochs, Edgar E. and Jenda, Overtoun M. G.},
     TITLE = {Relative homological algebra. {V}olume 2},
    SERIES = {de Gruyter Expositions in Mathematics},
    VOLUME = {54},
 PUBLISHER = {Walter de Gruyter GmbH \& Co. KG, Berlin},
      YEAR = {2011},
     PAGES = {xii+96},
      ISBN = {978-3-11-021522-9},
   MRCLASS = {18G25 (16-02 16E05 18-02)},
  MRNUMBER = {2841617},
MRREVIEWER = {Sergio Estrada-Dominguez},
}

@article {EnoLR,
    AUTHOR = {Enochs, Edgar E. and L{\'o}pez-Ramos, J. A.},
     TITLE = {Kaplansky classes},
   JOURNAL = {Rend. Sem. Mat. Univ. Padova},
  FJOURNAL = {Rendiconti del Seminario Matematico della Universit\`a di
              Padova. The Mathematical Journal of the University of Padova},
    VOLUME = {107},
      YEAR = {2002},
     PAGES = {67--79},
      ISSN = {0041-8994},
   MRCLASS = {16D10 (16D40)},
  MRNUMBER = {MR1926201 (2003j:16005)},
MRREVIEWER = {Rafail Alizade},
}

@article {EnoOy,
    AUTHOR = {Enochs, Edgar and Oyonarte, Luis},
     TITLE = {Flat covers and cotorsion envelopes of sheaves},
   JOURNAL = {Proc. Amer. Math. Soc.},
  FJOURNAL = {Proceedings of the American Mathematical Society},
    VOLUME = {130},
      YEAR = {2002},
    NUMBER = {5},
     PAGES = {1285--1292 (electronic)},
      ISSN = {0002-9939},
     CODEN = {PAMYAR},
   MRCLASS = {18F20 (16G10 18E15)},
  MRNUMBER = {MR1879949 (2003d:18023)},
MRREVIEWER = {Jan Trlifaj},
       DOI = {10.1090/S0002-9939-01-06190-1},
       URL = {http://dx.doi.org/10.1090/S0002-9939-01-06190-1},
}

@article {EGPT,
    AUTHOR = {Estrada, Sergio and Guil Asensio, Pedro A. and Prest, Mike and
              Trlifaj, Jan},
     TITLE = {Model category structures arising from {D}rinfeld vector
              bundles},
   JOURNAL = {Adv. Math.},
  FJOURNAL = {Advances in Mathematics},
    VOLUME = {231},
      YEAR = {2012},
    NUMBER = {3-4},
     PAGES = {1417--1438},
      ISSN = {0001-8708},
     CODEN = {ADMTA4},
   MRCLASS = {Preliminary Data},
  MRNUMBER = {2964610},
       DOI = {10.1016/j.aim.2012.06.011},
       URL = {http://dx.doi.org/10.1016/j.aim.2012.06.011},
}

@unpublished {EGT,
    AUTHOR = {Estrada, Sergio and Guil Asensio, Pedro and Trlifaj, Jan},
     TITLE = {Descent of restricted flat {M}ittag-{L}effler modules and generalized vector bundles},
      NOTE = {To appear in Proc. Amer. Math. Soc., arXiv:1110.5364v1},
      YEAR = {2011}
}
@unpublished {EFI,
    AUTHOR = {Sergio Estrada and Xianhui Fu and  Alina Iacob},
     TITLE = {Toatally acyclic complexes},
NOTE = {Preprint, arXiv:1603.03850v2},
      YEAR = {2016}
 }


@book {Fr,
    AUTHOR = {Freyd, Peter},
     TITLE = {Abelian categories. {A}n introduction to the theory of
              functors},
    SERIES = {Harper's Series in Modern Mathematics},
 PUBLISHER = {Harper \& Row Publishers},
   ADDRESS = {New York},
      YEAR = {1964},
     PAGES = {xi+164},
   MRCLASS = {18.15},
  MRNUMBER = {MR0166240 (29 \#3517)},
MRREVIEWER = {A. Heller},
}
@article {FuLee1,
    AUTHOR = {Fuchs, L{\'a}szl{\'o} and Lee, Sang Bum},
     TITLE = {Weak-injectivity and almost perfect domains},
   JOURNAL = {J. Algebra},
  FJOURNAL = {Journal of Algebra},
    VOLUME = {321},
      YEAR = {2009},
    NUMBER = {1},
     PAGES = {18--27},
      ISSN = {0021-8693},
     CODEN = {JALGA4},
   MRCLASS = {13C11},
  MRNUMBER = {2469348},
MRREVIEWER = {Silvana Bazzoni},
       DOI = {10.1016/j.jalgebra.2008.08.033},
       URL = {http://dx.doi.org/10.1016/j.jalgebra.2008.08.033},
}
@article {FuLee2,
    AUTHOR = {Fuchs, L{\'a}szl{\'o} and Lee, Sang Bum},
     TITLE = {On weak-injective modules over integral domains},
   JOURNAL = {J. Algebra},
  FJOURNAL = {Journal of Algebra},
    VOLUME = {323},
      YEAR = {2010},
    NUMBER = {7},
     PAGES = {1872--1878},
      ISSN = {0021-8693},
     CODEN = {JALGA4},
   MRCLASS = {13C11},
  MRNUMBER = {2594653},
MRREVIEWER = {Marius T{\u{a}}rn{\u{a}}uceanu},
       DOI = {10.1016/j.jalgebra.2010.02.005},
       URL = {http://dx.doi.org/10.1016/j.jalgebra.2010.02.005},
}

@book {FS,
    AUTHOR = {Fuchs, L{\'a}szl{\'o} and Salce, Luigi},
     TITLE = {Modules over non-{N}oetherian domains},
    SERIES = {Mathematical Surveys and Monographs},
    VOLUME = {84},
 PUBLISHER = {American Mathematical Society},
   ADDRESS = {Providence, RI},
      YEAR = {2001},
     PAGES = {xvi+613},
      ISBN = {0-8218-1963-1},
   MRCLASS = {13-02 (13Cxx 13G05)},
  MRNUMBER = {1794715 (2001i:13002)},
MRREVIEWER = {Alberto Facchini},
}
@incollection {F,
    AUTHOR = {Fuller, Kent R.},
     TITLE = {Ring extensions and duality},
 BOOKTITLE = {Algebra and its applications ({A}thens, {OH}, 1999)},
    SERIES = {Contemp. Math.},
    VOLUME = {259},
     PAGES = {213--222},
 PUBLISHER = {Amer. Math. Soc.},
   ADDRESS = {Providence, RI},
      YEAR = {2000},
   MRCLASS = {16D90 (16S70)},
  MRNUMBER = {1778503 (2001h:16005)},
MRREVIEWER = {Pham Ngoc Anh},
       DOI = {10.1090/conm/259/04096},
       URL = {http://dx.doi.org/10.1090/conm/259/04096},
}
@article {G62,
    AUTHOR = {Gabriel, Pierre},
     TITLE = {Des cat\'egories ab\'eliennes},
   JOURNAL = {Bull. Soc. Math. France},
  FJOURNAL = {Bulletin de la Soci\'et\'e Math\'ematique de France},
    VOLUME = {90},
      YEAR = {1962},
     PAGES = {323--448},
      ISSN = {0037-9484},
   MRCLASS = {18.20},
  MRNUMBER = {0232821 (38 \#1144)},
MRREVIEWER = {T.-Y. Lam},
}
@article {GP,
    AUTHOR = {Popesco, Nicolae and Gabriel, Pierre},
     TITLE = {Caract\'erisation des cat\'egories ab\'eliennes avec
              g\'en\'erateurs et limites inductives exactes},
   JOURNAL = {C. R. Acad. Sci. Paris},
    VOLUME = {258},
      YEAR = {1964},
     PAGES = {4188--4190},
   MRCLASS = {18.15},
  MRNUMBER = {0166241 (29 \#3518)},
MRREVIEWER = {A. Heller},
}

@article {GdlP87,
    AUTHOR = {Peter Gabriel and Jose Antoniode la Pe{\~n}a},
     TITLE = {Quotients of representation-finite algebras},
   JOURNAL = {Comm. Algebra},
  FJOURNAL = {Communications in Algebra},
    VOLUME = {15},
      YEAR = {1987},
    NUMBER = {1-2},
     PAGES = {279--307},
      ISSN = {0092-7872},
     CODEN = {COALDM},
   MRCLASS = {16A46 (16A64 18A20)},
  MRNUMBER = {876981 (88c:16025)},
MRREVIEWER = {Dieter Happel},
       DOI = {10.1080/00927878708823421},
       URL = {http://dx.doi.org/10.1080/00927878708823421},
}

@book {GU71,
    AUTHOR = {Gabriel, Peter and Ulmer, Friedrich},
     TITLE = {Lokal pr\"asentierbare {K}ategorien},
    SERIES = {Lecture Notes in Mathematics, Vol. 221},
 PUBLISHER = {Springer-Verlag},
   ADDRESS = {Berlin},
      YEAR = {1971},
     PAGES = {v+200},
   MRCLASS = {18AXX},
  MRNUMBER = {0327863 (48 \#6205)},
MRREVIEWER = {J. R. Isbell},
}

@book {GZ67,
    AUTHOR = {Gabriel, P. and Zisman, M.},
     TITLE = {Calculus of fractions and homotopy theory},
    SERIES = {Ergebnisse der Mathematik und ihrer Grenzgebiete, Band 35},
 PUBLISHER = {Springer-Verlag New York, Inc., New York},
      YEAR = {1967},
     PAGES = {x+168},
   MRCLASS = {55.40 (18.00)},
  MRNUMBER = {0210125 (35 \#1019)},
MRREVIEWER = {A. K. Bousfield},
}

@incollection {GL87,
    AUTHOR = {Geigle, Werner and Lenzing, Helmut},
     TITLE = {A class of weighted projective curves arising in
              representation theory of finite-dimensional algebras},
 BOOKTITLE = {Singularities, representation of algebras, and vector bundles
              ({L}ambrecht, 1985)},
    SERIES = {Lecture Notes in Math.},
    VOLUME = {1273},
     PAGES = {265--297},
 PUBLISHER = {Springer},
   ADDRESS = {Berlin},
      YEAR = {1987},
   MRCLASS = {14H45 (14F05 16A64)},
  MRNUMBER = {915180 (89b:14049)},
MRREVIEWER = {Alfred G. Wiedemann},
       DOI = {10.1007/BFb0078849},
       URL = {http://dx.doi.org/10.1007/BFb0078849},
}

@article {GL91,
    AUTHOR = {Geigle, Werner and Lenzing, Helmut},
     TITLE = {Perpendicular categories with applications to representations
              and sheaves},
   JOURNAL = {J. Algebra},
  FJOURNAL = {Journal of Algebra},
    VOLUME = {144},
      YEAR = {1991},
    NUMBER = {2},
     PAGES = {273--343},
      ISSN = {0021-8693},
     CODEN = {JALGA4},
   MRCLASS = {16D90 (16G20 18E10 18E30 18E35)},
  MRNUMBER = {1140607 (93b:16011)},
MRREVIEWER = {Jeremy Rickard},
       DOI = {10.1016/0021-8693(91)90107-J},
       URL = {http://dx.doi.org/10.1016/0021-8693(91)90107-J},
}
@article {G7,
    AUTHOR = {Gillespie, James},
     TITLE = {Exact model structures and recollements},
   JOURNAL = {J. Algebra},
  FJOURNAL = {Journal of Algebra},
    VOLUME = {458},
      YEAR = {2016},
     PAGES = {265--306},
      ISSN = {0021-8693},
     CODEN = {JALGA4},
   MRCLASS = {18E30 (18G35)},
  MRNUMBER = {3500779},
       DOI = {10.1016/j.jalgebra.2016.03.021},
       URL = {http://dx.doi.org/10.1016/j.jalgebra.2016.03.021},
}


@article {G4,
    AUTHOR = {Gillespie, James},
     TITLE = {Cotorsion pairs and degreewise homological model structures},
   JOURNAL = {Homology, Homotopy Appl.},
  FJOURNAL = {Homology, Homotopy and Applications},
    VOLUME = {10},
      YEAR = {2008},
    NUMBER = {1},
     PAGES = {283--304},
      ISSN = {1532-0073},
   MRCLASS = {18G55 (55U35)},
  MRNUMBER = {2399475 (2009d:18023)},
MRREVIEWER = {David A. Blanc},
}

@article {G3,
    AUTHOR = {Gillespie, James},
     TITLE = {Kaplansky classes and derived categories},
   JOURNAL = {Math. Z.},
  FJOURNAL = {Mathematische Zeitschrift},
    VOLUME = {257},
      YEAR = {2007},
    NUMBER = {4},
     PAGES = {811--843},
      ISSN = {0025-5874},
     CODEN = {MAZEAX},
   MRCLASS = {55U35 (18E30 18G15)},
  MRNUMBER = {MR2342555 (2009e:55030)},
       DOI = {10.1007/s00209-007-0148-x},
       URL = {http://dx.doi.org/10.1007/s00209-007-0148-x},
}

@article {G5,
    AUTHOR = {Gillespie, James},
     TITLE = {Model structures on exact categories},
   JOURNAL = {J. Pure Appl. Algebra},
  FJOURNAL = {Journal of Pure and Applied Algebra},
    VOLUME = {215},
      YEAR = {2011},
    NUMBER = {12},
     PAGES = {2892--2902},
      ISSN = {0022-4049},
     CODEN = {JPAAA2},
   MRCLASS = {18E10 (18G35 55U15 55U35)},
  MRNUMBER = {2811572 (2012h:18011)},
MRREVIEWER = {Timothy Porter},
       DOI = {10.1016/j.jpaa.2011.04.010},
       URL = {http://dx.doi.org/10.1016/j.jpaa.2011.04.010},
}
@article {G6,
    AUTHOR = {Gillespie, James},
     TITLE = {Gorenstein complexes and recollements from cotorsion pairs},
   JOURNAL = {Adv. Math.},
  FJOURNAL = {Advances in Mathematics},
    VOLUME = {291},
      YEAR = {2016},
     PAGES = {859--911},
      ISSN = {0001-8708},
     CODEN = {ADMTA4},
   MRCLASS = {18E30 (16E05)},
  MRNUMBER = {3459032},
       DOI = {10.1016/j.aim.2016.01.004},
       URL = {http://dx.doi.org/10.1016/j.aim.2016.01.004},
}

@article {G2,
    AUTHOR = {Gillespie, James},
     TITLE = {The flat model structure on complexes of sheaves},
   JOURNAL = {Trans. Amer. Math. Soc.},
  FJOURNAL = {Transactions of the American Mathematical Society},
    VOLUME = {358},
      YEAR = {2006},
    NUMBER = {7},
     PAGES = {2855--2874 (electronic)},
      ISSN = {0002-9947},
     CODEN = {TAMTAM},
   MRCLASS = {55U35 (18G15)},
  MRNUMBER = {MR2216249 (2007a:55024)},
MRREVIEWER = {Timothy Porter},
       DOI = {10.1090/S0002-9947-06-04157-2},
       URL = {http://dx.doi.org/10.1090/S0002-9947-06-04157-2},
}
@unpublished {G9,
    AUTHOR = {Gillespie, James},
     TITLE = {Models for homotopy categories of injectives and Gorenstein injectives},
      NOTE = {To appear in Comm. Alg. arXiv:1502.05530v1},
      YEAR = {2016}
}
@article {G8,
    AUTHOR = {Gillespie, James},
     TITLE = {How to construct a {H}ovey triple from two cotorsion pairs},
   JOURNAL = {Fund. Math.},
  FJOURNAL = {Fundamenta Mathematicae},
    VOLUME = {230},
      YEAR = {2015},
    NUMBER = {3},
     PAGES = {281--289},
      ISSN = {0016-2736},
   MRCLASS = {18G55 (16S90)},
  MRNUMBER = {3351474},
MRREVIEWER = {Jiangsheng Hu},
       DOI = {10.4064/fm230-3-4},
       URL = {http://dx.doi.org/10.4064/fm230-3-4},
}

@article {G1,
    AUTHOR = {Gillespie, James},
     TITLE = {The flat model structure on {${\mathrm{Ch}}(R)$}},
   JOURNAL = {Trans. Amer. Math. Soc.},
  FJOURNAL = {Transactions of the American Mathematical Society},
    VOLUME = {356},
      YEAR = {2004},
    NUMBER = {8},
     PAGES = {3369--3390 (electronic)},
      ISSN = {0002-9947},
     CODEN = {TAMTAM},
   MRCLASS = {18G50 (18G15 18G35 55U35)},
  MRNUMBER = {MR2052954 (2005b:18020)},
MRREVIEWER = {David A. Blanc},
       DOI = {10.1090/S0002-9947-04-03416-6},
       URL = {http://dx.doi.org/10.1090/S0002-9947-04-03416-6},
}

@book {Glaz89,
    AUTHOR = {Glaz, Sarah},
     TITLE = {Commutative coherent rings},
    SERIES = {Lecture Notes in Mathematics},
    VOLUME = {1371},
 PUBLISHER = {Springer-Verlag},
   ADDRESS = {Berlin},
      YEAR = {1989},
     PAGES = {xii+347},
      ISBN = {3-540-51115-6},
   MRCLASS = {13-02 (13D05 13E99 13F05)},
  MRNUMBER = {999133 (90f:13001)},
MRREVIEWER = {Liam O'Carroll},
}



@book {GT12,
    AUTHOR = {G{\"o}bel, R{\"u}diger and Trlifaj, Jan},
     TITLE = {Approximations and endomorphism algebras of modules. {V}olume
              1},
    SERIES = {de Gruyter Expositions in Mathematics},
    VOLUME = {41},
   EDITION = {extended},
      NOTE = {Approximations},
 PUBLISHER = {Walter de Gruyter GmbH \& Co. KG, Berlin},
      YEAR = {2012},
     PAGES = {xxviii+458},
      ISBN = {978-3-11-021810-7; 978-3-11-021811-4},
   MRCLASS = {16-02 (03C60 03E75 16Dxx 16S50)},
  MRNUMBER = {2985554},
MRREVIEWER = {J. L. G{\'o}mez Pardo},
       DOI = {10.1515/9783110218114},
       URL = {http://dx.doi.org/10.1515/9783110218114},
}


@book {GT,
    AUTHOR = {G{\"o}bel, R{\"u}diger and Trlifaj, Jan},
     TITLE = {Approximations and endomorphism algebras of modules},
    SERIES = {de Gruyter Expositions in Mathematics},
    VOLUME = {41},
 PUBLISHER = {Walter de Gruyter GmbH \& Co. KG, Berlin},
      YEAR = {2006},
     PAGES = {xxiv+640},
      ISBN = {978-3-11-011079-1; 3-11-011079-2},
   MRCLASS = {16D90 (03E75 16D10 16E30 16S50 16S90)},
  MRNUMBER = {MR2251271 (2007m:16007)},
MRREVIEWER = {Sverre O. Smal{\o}},
}

@book {GW,
    AUTHOR = {G{\"o}rtz, Ulrich and Wedhorn, Torsten},
     TITLE = {Algebraic geometry {I}},
    SERIES = {Advanced Lectures in Mathematics},
      NOTE = {Schemes with examples and exercises},
 PUBLISHER = {Vieweg + Teubner, Wiesbaden},
      YEAR = {2010},
     PAGES = {viii+615},
      ISBN = {978-3-8348-0676-5},
   MRCLASS = {14-01},
  MRNUMBER = {2675155 (2011f:14001)},
MRREVIEWER = {C{\'{\i}}cero Carvalho},
       DOI = {10.1007/978-3-8348-9722-0},
       URL = {http://dx.doi.org/10.1007/978-3-8348-9722-0},
}



@article {Groth,
    AUTHOR = {Grothendieck, A.},
     TITLE = {\'{E}l\'ements de g\'eom\'etrie alg\'ebrique. {IV}. \'{E}tude
              locale des sch\'emas et des morphismes de sch\'emas {IV}},
   JOURNAL = {Inst. Hautes \'Etudes Sci. Publ. Math.},
  FJOURNAL = {Institut des Hautes \'Etudes Scientifiques. Publications
              Math\'ematiques},
    NUMBER = {32},
      YEAR = {1967},
     PAGES = {361},
      ISSN = {0073-8301},
   MRCLASS = {14.55},
  MRNUMBER = {0238860 (39 \#220)},
MRREVIEWER = {J. P. Murre},
}



@article {Gro,
    AUTHOR = {Grothendieck, Alexander},
     TITLE = {Sur quelques points d'alg\`ebre homologique},
   JOURNAL = {T\^ohoku Math. J. (2)},
  FJOURNAL = {The Tohoku Mathematical Journal. Second Series},
    VOLUME = {9},
      YEAR = {1957},
     PAGES = {119--221},
      ISSN = {0040-8735},
   MRCLASS = {18.00},
  MRNUMBER = {0102537 (21 \#1328)},
MRREVIEWER = {D. Buchsbaum},
}

@incollection {Gru,
    AUTHOR = {Gruson, L.},
     TITLE = {Dimension homologique des modules plats sur an anneau
              commutatif noeth\'erien},
 BOOKTITLE = {Symposia {M}athematica, {V}ol. {XI} ({C}onvegno di {A}lgebra
              {C}ommutativa, {INDAM}, {R}ome, 1971)},
     PAGES = {243--254},
 PUBLISHER = {Academic Press, London},
      YEAR = {1973},
   MRCLASS = {13D05},
  MRNUMBER = {0337935 (49 \#2704)},
MRREVIEWER = {W. V. Vasconcelos},
}

@book {JL,
    AUTHOR = {Jensen, Christian U. and Lenzing, Helmut},
     TITLE = {Model-theoretic algebra with particular emphasis on fields,
              rings, modules},
    SERIES = {Algebra, Logic and Applications},
    VOLUME = {2},
 PUBLISHER = {Gordon and Breach Science Publishers},
   ADDRESS = {New York},
      YEAR = {1989},
     PAGES = {xiv+443},
      ISBN = {2-88124-717-2},
   MRCLASS = {03C60 (00A05 03-02 12L12 13L05 16-02)},
  MRNUMBER = {1057608 (91m:03038)},
MRREVIEWER = {Anand Pillay},
}




@book {Ha,
    AUTHOR = {Happel, Dieter},
     TITLE = {Triangulated categories in the representation theory of
              finite-dimensional algebras},
    SERIES = {London Mathematical Society Lecture Note Series},
    VOLUME = {119},
 PUBLISHER = {Cambridge University Press},
   ADDRESS = {Cambridge},
      YEAR = {1988},
     PAGES = {x+208},
      ISBN = {0-521-33922-7},
   MRCLASS = {16A46 (16A48 16A62 16A64 18E30)},
  MRNUMBER = {MR935124 (89e:16035)},
MRREVIEWER = {Alfred G. Wiedemann},
}

@article {Ha87,
    AUTHOR = {Happel, Dieter},
     TITLE = {On the derived category of a finite-dimensional algebra},
   JOURNAL = {Comment. Math. Helv.},
  FJOURNAL = {Commentarii Mathematici Helvetici},
    VOLUME = {62},
      YEAR = {1987},
    NUMBER = {3},
     PAGES = {339--389},
      ISSN = {0010-2571},
     CODEN = {COMHAX},
   MRCLASS = {16A46 (16A64 18E30)},
  MRNUMBER = {910167 (89c:16029)},
MRREVIEWER = {Ibrahim Assem},
       DOI = {10.1007/BF02564452},
       URL = {http://dx.doi.org/10.1007/BF02564452},
}
@article {HRS,
    AUTHOR = {Happel, Dieter and Reiten, Idun and Sverre O. Smal{\o}},
     TITLE = {Tilting in abelian categories and quasitilted algebras},
   JOURNAL = {Mem. Amer. Math. Soc.},
  FJOURNAL = {Memoirs of the American Mathematical Society},
    VOLUME = {120},
      YEAR = {1996},
    NUMBER = {575},
     PAGES = {viii+ 88},
      ISSN = {0065-9266},
     CODEN = {MAMCAU},
   MRCLASS = {16D90 (16G10 18E10 18E40)},
  MRNUMBER = {MR1327209 (97j:16009)},
MRREVIEWER = {Jeremy Rickard},
}

@book {Hart2,
    AUTHOR = {Hartshorne, Robin},
     TITLE = {Algebraic geometry},
      NOTE = {Graduate Texts in Mathematics, No. 52},
 PUBLISHER = {Springer-Verlag},
   ADDRESS = {New York},
      YEAR = {1977},
     PAGES = {xvi+496},
      ISBN = {0-387-90244-9},
   MRCLASS = {14-01},
  MRNUMBER = {0463157 (57 \#3116)},
MRREVIEWER = {Robert Speiser},
}

@book {Hart,
    AUTHOR = {Hartshorne, Robin},
     TITLE = {Residues and duality},
    SERIES = {Lecture notes of a seminar on the work of A. Grothendieck,
              given at Harvard 1963/64. With an appendix by P. Deligne.
              Lecture Notes in Mathematics, No. 20},
 PUBLISHER = {Springer-Verlag},
   ADDRESS = {Berlin},
      YEAR = {1966},
     PAGES = {vii+423},
   MRCLASS = {14.55},
  MRNUMBER = {MR0222093 (36 \#5145)},
MRREVIEWER = {R. L. Knighten},
}
@unpublished {Her,
    AUTHOR = {Herbera, Dolors},
     TITLE = {Definable classes and {M}ittag-{L}effler conditions},
      NOTE = {To appear in Contemporary Mathematics},
      YEAR = {2013}
      }


@article {HT,
    AUTHOR = {Herbera, Dolors and Trlifaj, Jan},
     TITLE = {Almost free modules and {M}ittag-{L}effler conditions},
   JOURNAL = {Adv. Math.},
  FJOURNAL = {Advances in Mathematics},
    VOLUME = {229},
      YEAR = {2012},
    NUMBER = {6},
     PAGES = {3436--3467},
      ISSN = {0001-8708},
     CODEN = {ADMTA4},
   MRCLASS = {16D40 (03E75 16E30)},
  MRNUMBER = {2900444},
MRREVIEWER = {Luis Oyonarte},
       DOI = {10.1016/j.aim.2012.02.013},
       URL = {http://dx.doi.org/10.1016/j.aim.2012.02.013},
}




@article {MR2461869,
    AUTHOR = {Herzog, Ivo and Rothmaler, Philipp},
     TITLE = {Pure projective approximations},
   JOURNAL = {Math. Proc. Cambridge Philos. Soc.},
  FJOURNAL = {Mathematical Proceedings of the Cambridge Philosophical
              Society},
    VOLUME = {146},
      YEAR = {2009},
    NUMBER = {1},
     PAGES = {83--94},
      ISSN = {0305-0041},
     CODEN = {MPCPCO},
   MRCLASS = {16D10},
  MRNUMBER = {2461869 (2010c:16002)},
MRREVIEWER = {Gena Puninski},
       DOI = {10.1017/S0305004108001746},
       URL = {http://dx.doi.org/10.1017/S0305004108001746},
}





@article {HR,
    AUTHOR = {Herzog, Ivo and Rothmaler, Philipp},
     TITLE = {Pure projective approximations},
   JOURNAL = {Math. Proc. Cambridge Philos. Soc.},
  FJOURNAL = {Mathematical Proceedings of the Cambridge Philosophical
              Society},
    VOLUME = {146},
      YEAR = {2009},
    NUMBER = {1},
     PAGES = {83--94},
      ISSN = {0305-0041},
     CODEN = {MPCPCO},
   MRCLASS = {16D10},
  MRNUMBER = {2461869 (2010c:16002)},
MRREVIEWER = {Gena Puninski},
       DOI = {10.1017/S0305004108001746},
       URL = {http://dx.doi.org/10.1017/S0305004108001746},
}



@book {Hir,
    AUTHOR = {Hirschhorn, Philip S.},
     TITLE = {Model categories and their localizations},
    SERIES = {Mathematical Surveys and Monographs},
    VOLUME = {99},
 PUBLISHER = {American Mathematical Society},
   ADDRESS = {Providence, RI},
      YEAR = {2003},
     PAGES = {xvi+457},
      ISBN = {0-8218-3279-4},
   MRCLASS = {18G55 (55P60 55U35)},
  MRNUMBER = {1944041 (2003j:18018)},
MRREVIEWER = {David A. Blanc},
}

@phdthesis{Holm,
    AUTHOR = {Holm, Henrik},
     TITLE = {Gorenstein homological algebra},
    SCHOOL = {University of Copenhagen},
      YEAR = {2004},
      NOTE = {Available at \url{http://www.math.ku.dk/~holm/download/PhDthesis.pdf}}
}

@article {HoJo,
    AUTHOR = {Holm, Henrik and J{\o}rgensen, Peter},
     TITLE = {Covers, precovers, and purity},
   JOURNAL = {Illinois J. Math.},
  FJOURNAL = {Illinois Journal of Mathematics},
    VOLUME = {52},
      YEAR = {2008},
    NUMBER = {2},
     PAGES = {691--703},
      ISSN = {0019-2082},
     CODEN = {IJMTAW},
   MRCLASS = {16E30 (16D10)},
  MRNUMBER = {2524661 (2010h:16017)},
MRREVIEWER = {Alina C. Iacob},
       URL = {http://projecteuclid.org/getRecord?id=euclid.ijm/1248355359},
}


@incollection {Hov07,
    AUTHOR = {Hovey, Mark},
     TITLE = {Cotorsion pairs and model categories},
 BOOKTITLE = {Interactions between homotopy theory and algebra},
    SERIES = {Contemp. Math.},
    VOLUME = {436},
     PAGES = {277--296},
 PUBLISHER = {Amer. Math. Soc.},
   ADDRESS = {Providence, RI},
      YEAR = {2007},
   MRCLASS = {18G55 (14F05 16E65 18E30 55U35)},
  MRNUMBER = {MR2355778 (2008j:18016)},
MRREVIEWER = {Beno\^ {\i}t Fresse},
}

@article {Hov02,
    AUTHOR = {Hovey, Mark},
     TITLE = {Cotorsion pairs, model category structures, and representation
              theory},
   JOURNAL = {Math. Z.},
  FJOURNAL = {Mathematische Zeitschrift},
    VOLUME = {241},
      YEAR = {2002},
    NUMBER = {3},
     PAGES = {553--592},
      ISSN = {0025-5874},
     CODEN = {MAZEAX},
   MRCLASS = {55U35 (18E30 18G55)},
  MRNUMBER = {MR1938704 (2003m:55027)},
       DOI = {10.1007/s00209-002-0431-9},
       URL = {http://dx.doi.org/10.1007/s00209-002-0431-9},
}

@book {Hov99,
    AUTHOR = {Hovey, Mark},
     TITLE = {Model categories},
    SERIES = {Mathematical Surveys and Monographs},
    VOLUME = {63},
 PUBLISHER = {American Mathematical Society},
   ADDRESS = {Providence, RI},
      YEAR = {1999},
     PAGES = {xii+209},
      ISBN = {0-8218-1359-5},
   MRCLASS = {55U35 (18D15 18G30 18G55)},
  MRNUMBER = {MR1650134 (99h:55031)},
MRREVIEWER = {Teimuraz Pirashvili},
}

@article {HPS97,
    AUTHOR = {Hovey, Mark and Palmieri, John H. and Strickland, Neil P.},
     TITLE = {Axiomatic stable homotopy theory},
   JOURNAL = {Mem. Amer. Math. Soc.},
  FJOURNAL = {Memoirs of the American Mathematical Society},
    VOLUME = {128},
      YEAR = {1997},
    NUMBER = {610},
     PAGES = {x+114},
      ISSN = {0065-9266},
     CODEN = {MAMCAU},
   MRCLASS = {55U35 (18E30 18G35 55N20 55P42 55P60 55U15)},
  MRNUMBER = {1388895 (98a:55017)},
MRREVIEWER = {J. P. C. Greenlees},
}

@incollection {Jard95,
    AUTHOR = {Jardine, J. F.},
     TITLE = {A closed model structure for differential graded algebras},
 BOOKTITLE = {Cyclic cohomology and noncommutative geometry ({W}aterloo,
              {ON}, 1995)},
    SERIES = {Fields Inst. Commun.},
    VOLUME = {17},
     PAGES = {55--58},
 PUBLISHER = {Amer. Math. Soc.},
   ADDRESS = {Providence, RI},
      YEAR = {1997},
   MRCLASS = {55U15 (18G55 55P62)},
  MRNUMBER = {1478701},
}

@book {Jech,
    AUTHOR = {Jech, Thomas},
     TITLE = {Set theory},
    SERIES = {Springer Monographs in Mathematics},
      NOTE = {The third millennium edition, revised and expanded},
 PUBLISHER = {Springer-Verlag},
   ADDRESS = {Berlin},
      YEAR = {2003},
     PAGES = {xiv+769},
      ISBN = {3-540-44085-2},
   MRCLASS = {03Exx (03-01 03-02)},
  MRNUMBER = {1940513 (2004g:03071)},
MRREVIEWER = {Eva Coplakova},
}

@article {Jo,
    AUTHOR = {J{\o}rgensen, Peter},
     TITLE = {The homotopy category of complexes of projective modules},
   JOURNAL = {Adv. Math.},
  FJOURNAL = {Advances in Mathematics},
    VOLUME = {193},
      YEAR = {2005},
    NUMBER = {1},
     PAGES = {223--232},
      ISSN = {0001-8708},
     CODEN = {ADMTA4},
   MRCLASS = {18E30 (16E05)},
  MRNUMBER = {MR2132765 (2005m:18013)},
MRREVIEWER = {Jun-ichi Miyachi},
       DOI = {10.1016/j.aim.2004.05.003},
       URL = {http://dx.doi.org/10.1016/j.aim.2004.05.003},
}

@article {Kel90,
    AUTHOR = {Keller, Bernhard},
     TITLE = {Chain complexes and stable categories},
   JOURNAL = {Manuscripta Math.},
  FJOURNAL = {Manuscripta Mathematica},
    VOLUME = {67},
      YEAR = {1990},
    NUMBER = {4},
     PAGES = {379--417},
      ISSN = {0025-2611},
     CODEN = {MSMHB2},
   MRCLASS = {18E30 (16G70)},
  MRNUMBER = {1052551 (91h:18006)},
MRREVIEWER = {Dieter Happel},
       DOI = {10.1007/BF02568439},
       URL = {http://dx.doi.org/10.1007/BF02568439},
}
@article {Ka,
    AUTHOR = {Kaplansky, Irving},
     TITLE = {Projective modules},
   JOURNAL = {Ann. of Math (2)},
  FJOURNAL = {Annals of Mathematics. Second Series},
    VOLUME = {68},
      YEAR = {1958},
     PAGES = {372--377},
      ISSN = {0003-486X},
   MRCLASS = {18.00},
  MRNUMBER = {0100017 (20 \#6453)},
MRREVIEWER = {G. Azumaya},
}
@article {K2,
    AUTHOR = {Kaplansky, Irving},
     TITLE = {Elementary divisors and modules},
   JOURNAL = {Trans. Amer. Math. Soc.},
  FJOURNAL = {Transactions of the American Mathematical Society},
    VOLUME = {66},
      YEAR = {1949},
     PAGES = {464--491},
      ISSN = {0002-9947},
   MRCLASS = {09.1X},
  MRNUMBER = {0031470 (11,155b)},
MRREVIEWER = {J. Dieudonn{\'e}},
}

@article {Kel94,
    AUTHOR = {Keller, Bernhard},
     TITLE = {Deriving {DG} categories},
   JOURNAL = {Ann. Sci. \'Ecole Norm. Sup. (4)},
  FJOURNAL = {Annales Scientifiques de l'\'Ecole Normale Sup\'erieure.
              Quatri\`eme S\'erie},
    VOLUME = {27},
      YEAR = {1994},
    NUMBER = {1},
     PAGES = {63--102},
      ISSN = {0012-9593},
     CODEN = {ASENAH},
   MRCLASS = {18E30 (16D90)},
  MRNUMBER = {MR1258406 (95e:18010)},
MRREVIEWER = {Jeremy Rickard},
       URL = {http://www.numdam.org/item?id=ASENS_1994_4_27_1_63_0},
}

@incollection {Kel06,
    AUTHOR = {Keller, Bernhard},
     TITLE = {On differential graded categories},
 BOOKTITLE = {International {C}ongress of {M}athematicians. {V}ol. {II}},
     PAGES = {151--190},
 PUBLISHER = {Eur. Math. Soc., Z\"urich},
      YEAR = {2006},
   MRCLASS = {18E30 (14A22 16D90)},
  MRNUMBER = {MR2275593 (2008g:18015)},
MRREVIEWER = {Volodymyr V. Lyubashenko},
}

@incollection {Kel98,
    AUTHOR = {Keller, Bernhard},
     TITLE = {On the construction of triangle equivalences},
 BOOKTITLE = {Derived equivalences for group rings},
    SERIES = {Lecture Notes in Math.},
    VOLUME = {1685},
     PAGES = {155--176},
 PUBLISHER = {Springer},
   ADDRESS = {Berlin},
      YEAR = {1998},
   MRCLASS = {16B50},
  MRNUMBER = {1649844},
       DOI = {10.1007/BFb0096374},
       URL = {http://dx.doi.org/10.1007/BFb0096374},
}

@article {Kel94-smash,
    AUTHOR = {Keller, Bernhard},
     TITLE = {A remark on the generalized smashing conjecture},
   JOURNAL = {Manuscripta Math.},
  FJOURNAL = {Manuscripta Mathematica},
    VOLUME = {84},
      YEAR = {1994},
    NUMBER = {2},
     PAGES = {193--198},
      ISSN = {0025-2611},
     CODEN = {MSMHB2},
   MRCLASS = {18E30 (18A40 18D99 55P60 55U99)},
  MRNUMBER = {1285956 (95h:18014)},
MRREVIEWER = {V. P. Snaith},
       DOI = {10.1007/BF02567453},
       URL = {http://dx.doi.org/10.1007/BF02567453},
}

@article {KV,
    AUTHOR = {Keller, B. and Vossieck, D.},
     TITLE = {Aisles in derived categories},
      NOTE = {Deuxi{\`e}me Contact Franco-Belge en Alg{\`e}bre
              (Faulx-les-Tombes, 1987)},
   JOURNAL = {Bull. Soc. Math. Belg. S\'er. A},
  FJOURNAL = {Bulletin de la Soci\'et\'e Math\'ematique de Belgique. S\'erie
              A},
    VOLUME = {40},
      YEAR = {1988},
    NUMBER = {2},
     PAGES = {239--253},
      ISSN = {0037-9476},
     CODEN = {BMBEAC},
   MRCLASS = {16A46 (16A64)},
  MRNUMBER = {MR976638 (90j:16047)},
}

@article {Kr12,
    AUTHOR = {Krause, Henning},
     TITLE = {Approximations and adjoints in homotopy categories},
   JOURNAL = {Math. Ann.},
  FJOURNAL = {Mathematische Annalen},
    VOLUME = {353},
      YEAR = {2012},
    NUMBER = {3},
     PAGES = {765--781},
      ISSN = {0025-5831},
     CODEN = {MAANA},
   MRCLASS = {55Uxx},
  MRNUMBER = {2923949},
       DOI = {10.1007/s00208-011-0703-y},
       URL = {http://dx.doi.org/10.1007/s00208-011-0703-y},
}

@article {Kr05-telescope,
    AUTHOR = {Krause, Henning},
     TITLE = {Cohomological quotients and smashing localizations},
   JOURNAL = {Amer. J. Math.},
  FJOURNAL = {American Journal of Mathematics},
    VOLUME = {127},
      YEAR = {2005},
    NUMBER = {6},
     PAGES = {1191--1246},
      ISSN = {0002-9327},
     CODEN = {AJMAAN},
   MRCLASS = {18E30},
  MRNUMBER = {2183523 (2007d:18018)},
MRREVIEWER = {Friedrich W. Bauer},
       URL =
              {http://muse.jhu.edu/journals/american_journal_of_mathematics/v127/127.6krause.pdf},
}
@article {K,
    AUTHOR = {Keisler, H. Jerome},
     TITLE = {Ultraproducts and elementary classes},
   JOURNAL = {Nederl. Akad. Wetensch. Proc. Ser. A 64 = Indag. Math.},
    VOLUME = {23},
      YEAR = {1961},
     PAGES = {477--495},
   MRCLASS = {02.50},
  MRNUMBER = {0140396 (25 \#3816)},
MRREVIEWER = {C.-C. Chang},
}

@incollection {Kr07,
    AUTHOR = {Krause, Henning},
     TITLE = {Derived categories, resolutions, and {B}rown representability},
 BOOKTITLE = {Interactions between homotopy theory and algebra},
    SERIES = {Contemp. Math.},
    VOLUME = {436},
     PAGES = {101--139},
 PUBLISHER = {Amer. Math. Soc.},
   ADDRESS = {Providence, RI},
      YEAR = {2007},
   MRCLASS = {18E30 (18G10)},
  MRNUMBER = {MR2355771 (2008h:18012a)},
}

@incollection {Kr10,
    AUTHOR = {Krause, Henning},
     TITLE = {Localization theory for triangulated categories},
 BOOKTITLE = {Triangulated categories},
    SERIES = {London Math. Soc. Lecture Note Ser.},
    VOLUME = {375},
     PAGES = {161--235},
 PUBLISHER = {Cambridge Univ. Press},
   ADDRESS = {Cambridge},
      YEAR = {2010},
   MRCLASS = {18E30},
  MRNUMBER = {2681709},
}

@article {Kr01,
    AUTHOR = {Krause, Henning},
     TITLE = {On {N}eeman's well generated triangulated categories},
   JOURNAL = {Doc. Math.},
  FJOURNAL = {Documenta Mathematica},
    VOLUME = {6},
      YEAR = {2001},
     PAGES = {121--126 (electronic)},
      ISSN = {1431-0635},
   MRCLASS = {18E30 (55P99 55U35)},
  MRNUMBER = {MR1836046 (2002c:18008)},
}

@article {Kr00,
    AUTHOR = {Krause, Henning},
     TITLE = {Smashing subcategories and the telescope conjecture---an
              algebraic approach},
   JOURNAL = {Invent. Math.},
  FJOURNAL = {Inventiones Mathematicae},
    VOLUME = {139},
      YEAR = {2000},
    NUMBER = {1},
     PAGES = {99--133},
      ISSN = {0020-9910},
     CODEN = {INVMBH},
   MRCLASS = {55P42 (18E30 55P60 55P65)},
  MRNUMBER = {MR1728877 (2000k:55016)},
MRREVIEWER = {Paul G. Goerss},
       DOI = {10.1007/s002229900022},
       URL = {http://dx.doi.org/10.1007/s002229900022},
}

@article {Kr05,
    AUTHOR = {Krause, Henning},
     TITLE = {The stable derived category of a {N}oetherian scheme},
   JOURNAL = {Compos. Math.},
  FJOURNAL = {Compositio Mathematica},
    VOLUME = {141},
      YEAR = {2005},
    NUMBER = {5},
     PAGES = {1128--1162},
      ISSN = {0010-437X},
   MRCLASS = {18E30 (14F05 16E30 16E65 55U35)},
  MRNUMBER = {MR2157133 (2006e:18019)},
MRREVIEWER = {J. P. C. Greenlees},
       DOI = {10.1112/S0010437X05001375},
       URL = {http://dx.doi.org/10.1112/S0010437X05001375},
}

@article {KrSo,
    AUTHOR = {Krause, Henning and Solberg, {\O}yvind},
     TITLE = {Applications of cotorsion pairs},
   JOURNAL = {J. London Math. Soc. (2)},
  FJOURNAL = {Journal of the London Mathematical Society. Second Series},
    VOLUME = {68},
      YEAR = {2003},
    NUMBER = {3},
     PAGES = {631--650},
      ISSN = {0024-6107},
     CODEN = {JLMSAK},
   MRCLASS = {16G10 (16D90 16E30)},
  MRNUMBER = {MR2009441 (2004k:16028)},
MRREVIEWER = {Lidia Angeleri H{\"u}gel},
       DOI = {10.1112/S0024610703004757},
       URL = {http://dx.doi.org/10.1112/S0024610703004757},
}

@article {KrSt,
    AUTHOR = {Krause, Henning and {\v{S}}{\v{t}}ov{\'{\i}}{\v{c}}ek, Jan},
     TITLE = {The telescope conjecture for hereditary rings via
              {E}xt-orthogonal pairs},
   JOURNAL = {Adv. Math.},
  FJOURNAL = {Advances in Mathematics},
    VOLUME = {225},
      YEAR = {2010},
    NUMBER = {5},
     PAGES = {2341--2364},
      ISSN = {0001-8708},
     CODEN = {ADMTA4},
   MRCLASS = {16E35 (16B50)},
  MRNUMBER = {2680168 (2011j:16013)},
MRREVIEWER = {Xiao-Wu Chen},
       DOI = {10.1016/j.aim.2010.04.027},
       URL = {http://dx.doi.org/10.1016/j.aim.2010.04.027},
}

@article {Laz69,
    AUTHOR = {Lazard, Daniel},
     TITLE = {Autour de la platitude},
   JOURNAL = {Bull. Soc. Math. France},
  FJOURNAL = {Bulletin de la Soci\'et\'e Math\'ematique de France},
    VOLUME = {97},
      YEAR = {1969},
     PAGES = {81--128},
      ISSN = {0037-9484},
   MRCLASS = {16.90 (18.00)},
  MRNUMBER = {0254100 (40 \#7310)},
MRREVIEWER = {J.-P. Lafon},
}

@book {LMS86,
    AUTHOR = {Lewis, Jr., L. G. and May, J. P. and Steinberger, M. and
              McClure, J. E.},
     TITLE = {Equivariant stable homotopy theory},
    SERIES = {Lecture Notes in Mathematics},
    VOLUME = {1213},
      NOTE = {With contributions by J. E. McClure},
 PUBLISHER = {Springer-Verlag},
   ADDRESS = {Berlin},
      YEAR = {1986},
     PAGES = {x+538},
      ISBN = {3-540-16820-6},
   MRCLASS = {55-02 (55Nxx 55Pxx 57S99)},
  MRNUMBER = {866482 (88e:55002)},
MRREVIEWER = {T. tom Dieck},
}


@article {Lu,
    AUTHOR = {Lukas, Frank},
     TITLE = {Infinite-dimensional modules over wild hereditary algebras},
   JOURNAL = {J. London Math. Soc. (2)},
  FJOURNAL = {Journal of the London Mathematical Society. Second Series},
    VOLUME = {44},
      YEAR = {1991},
    NUMBER = {3},
     PAGES = {401--419},
      ISSN = {0024-6107},
     CODEN = {JLMSAK},
   MRCLASS = {16G60},
  MRNUMBER = {1149004 (93b:16021)},
MRREVIEWER = {Frank Okoh},
       DOI = {10.1112/jlms/s2-44.3.401},
       URL = {http://dx.doi.org/10.1112/jlms/s2-44.3.401},
}




@book {Lur09,
    AUTHOR = {Lurie, Jacob},
     TITLE = {Higher topos theory},
    SERIES = {Annals of Mathematics Studies},
    VOLUME = {170},
 PUBLISHER = {Princeton University Press},
   ADDRESS = {Princeton, NJ},
      YEAR = {2009},
     PAGES = {xviii+925},
      ISBN = {978-0-691-14049-0; 0-691-14049-9},
   MRCLASS = {18-02 (18B25 18E35 18G30 18G55 55U40)},
  MRNUMBER = {2522659 (2010j:18001)},
MRREVIEWER = {Mark Hovey},
}

@book {McL2,
    AUTHOR = {Mac Lane, Saunders},
     TITLE = {Categories for the working mathematician},
    SERIES = {Graduate Texts in Mathematics},
    VOLUME = {5},
   EDITION = {Second},
 PUBLISHER = {Springer-Verlag},
   ADDRESS = {New York},
      YEAR = {1998},
     PAGES = {xii+314},
      ISBN = {0-387-98403-8},
   MRCLASS = {18-02},
  MRNUMBER = {1712872 (2001j:18001)},
}

@book {McL,
    AUTHOR = {Mac Lane, Saunders},
     TITLE = {Homology},
    SERIES = {Die Grundlehren der mathematischen Wissenschaften, Bd. 114},
 PUBLISHER = {Academic Press Inc.},
   ADDRESS = {Publishers, New York},
      YEAR = {1963},
     PAGES = {x+422},
   MRCLASS = {18.20},
  MRNUMBER = {MR0156879 (28 \#122)},
MRREVIEWER = {D. Buchsbaum},
}

@Unpublished{Mak08,
	  author = {Makkai, Michael},
	  title  = {Rearranging colimits: A categorical lemma due to {J}acob {L}urie},
	    note = {Available at \url{http://www.math.mcgill.ca/makkai/Various/Binder1.pdf}},
	    year = {2008}
}

@book {MaPa,
    AUTHOR = {Makkai, Michael and Par{\'e}, Robert},
     TITLE = {Accessible categories: the foundations of categorical model
              theory},
    SERIES = {Contemporary Mathematics},
    VOLUME = {104},
 PUBLISHER = {American Mathematical Society},
   ADDRESS = {Providence, RI},
      YEAR = {1989},
     PAGES = {viii+176},
      ISBN = {0-8218-5111-X},
   MRCLASS = {03G30 (03C75 03C95 18B25 18C10 18D05 18F10)},
  MRNUMBER = {MR1031717 (91a:03118)},
MRREVIEWER = {Horst Reichel},
}

@article {Malt07,
    AUTHOR = {Maltsiniotis, Georges},
     TITLE = {Le th\'eor\`eme de {Q}uillen, d'adjonction des foncteurs
              d\'eriv\'es, revisit\'e},
   JOURNAL = {C. R. Math. Acad. Sci. Paris},
  FJOURNAL = {Comptes Rendus Math\'ematique. Acad\'emie des Sciences. Paris},
    VOLUME = {344},
      YEAR = {2007},
    NUMBER = {9},
     PAGES = {549--552},
      ISSN = {1631-073X},
   MRCLASS = {18G50 (55U35)},
  MRNUMBER = {2323740 (2008f:18011)},
MRREVIEWER = {Paul G. Goerss},
       DOI = {10.1016/j.crma.2007.03.011},
       URL = {http://dx.doi.org/10.1016/j.crma.2007.03.011},
}

@book {Mat,
    AUTHOR = {Matsumura, Hideyuki},
     TITLE = {Commutative ring theory},
    SERIES = {Cambridge Studies in Advanced Mathematics},
    VOLUME = {8},
   EDITION = {Second},
      NOTE = {Translated from the Japanese by M. Reid},
 PUBLISHER = {Cambridge University Press},
   ADDRESS = {Cambridge},
      YEAR = {1989},
     PAGES = {xiv+320},
      ISBN = {0-521-36764-6},
   MRCLASS = {13-01},
  MRNUMBER = {1011461 (90i:13001)},
}

@unpublished {MSSS,
    AUTHOR = {Mendoza Hern\'andez, Octavio and S\'aenz Valadez, Edith Corina and Santiago Vargas, Valente and Souto Salorio, Mar{\'{\i}}a Jos\'e},
     TITLE = {Auslander-Buchweitz Context and Co-{$t$}-structures},
      NOTE = {To appear in Appl. Categ. Structures, DOI: 10.1007/s10485-011-9271-2},
      YEAR = {2011}
}

@article {Mitch73,
    AUTHOR = {Mitchell, Barry},
     TITLE = {The cohomological dimension of a directed set},
   JOURNAL = {Canad. J. Math.},
  FJOURNAL = {Canadian Journal of Mathematics. Journal Canadien de
              Math\'ematiques},
    VOLUME = {25},
      YEAR = {1973},
     PAGES = {233--238},
      ISSN = {0008-414X},
   MRCLASS = {18G20},
  MRNUMBER = {0371996 (51 \#8213)},
MRREVIEWER = {Howard B. Stauffer},
}

@article {Mitch64,
    AUTHOR = {Mitchell, Barry},
     TITLE = {The full imbedding theorem},
   JOURNAL = {Amer. J. Math.},
  FJOURNAL = {American Journal of Mathematics},
    VOLUME = {86},
      YEAR = {1964},
     PAGES = {619--637},
      ISSN = {0002-9327},
   MRCLASS = {18.15},
  MRNUMBER = {0167511 (29 \#4783)},
MRREVIEWER = {A. Heller},
}
@article {Miy,
    AUTHOR = {Miyashita, Yoichi},
     TITLE = {Tilting modules of finite projective dimension},
   JOURNAL = {Math. Z.},
  FJOURNAL = {Mathematische Zeitschrift},
    VOLUME = {193},
      YEAR = {1986},
    NUMBER = {1},
     PAGES = {113--146},
      ISSN = {0025-5874},
     CODEN = {MAZEAX},
   MRCLASS = {16A64 (16A46)},
  MRNUMBER = {852914 (87m:16055)},
MRREVIEWER = {Idun Reiten},
       DOI = {10.1007/BF01163359},
       URL = {http://dx.doi.org/10.1007/BF01163359},
}

@phdthesis{Mur,
    AUTHOR = {Murfet, Daniel},
     TITLE = {The Mock Homotopy Category of Projectives and {G}rothendieck
              Duality},
    SCHOOL = {Australian National University},
      YEAR = {2007},
      NOTE = {Available at \url{http://www.therisingsea.org/thesis.pdf}}
}
@article {Nee90,
    AUTHOR = {Neeman, Amnon},
     TITLE = {The derived category of an exact category},
   JOURNAL = {J. Algebra},
  FJOURNAL = {Journal of Algebra},
    VOLUME = {135},
      YEAR = {1990},
    NUMBER = {2},
     PAGES = {388--394},
      ISSN = {0021-8693},
   MRCLASS = {18E30},
  MRNUMBER = {1080854},
MRREVIEWER = {Jeremy Rickard},
       DOI = {10.1016/0021-8693(90)90296-Z},
       URL = {http://dx.doi.org/10.1016/0021-8693(90)90296-Z},
}
@book {Nee07,
    AUTHOR = {Neeman, Amnon},
     TITLE = {Algebraic and analytic geometry},
    SERIES = {London Mathematical Society Lecture Note Series},
    VOLUME = {345},
 PUBLISHER = {Cambridge University Press},
   ADDRESS = {Cambridge},
      YEAR = {2007},
     PAGES = {xii+420},
      ISBN = {978-0-521-70983-5},
   MRCLASS = {14-01},
  MRNUMBER = {2358675 (2008m:14001)},
MRREVIEWER = {Jon Eivind Vatne},
}
@book {Na,
    AUTHOR = {Nagata, Masayoshi},
     TITLE = {Local rings},
    SERIES = {Interscience Tracts in Pure and Applied Mathematics, No. 13},
 PUBLISHER = {Interscience Publishers a division of John Wiley \& Sons\, New
              York-London},
      YEAR = {1962},
     PAGES = {xiii+234},
   MRCLASS = {13.95 (16.00)},
  MRNUMBER = {0155856 (27 \#5790)},
MRREVIEWER = {R. C. Hartshorne},
}

@article {Nee98,
    AUTHOR = {Neeman, Amnon},
     TITLE = {Brown representability for the dual},
   JOURNAL = {Invent. Math.},
  FJOURNAL = {Inventiones Mathematicae},
    VOLUME = {133},
      YEAR = {1998},
    NUMBER = {1},
     PAGES = {97--105},
      ISSN = {0020-9910},
     CODEN = {INVMBH},
   MRCLASS = {55P65 (55P42 55U35)},
  MRNUMBER = {MR1626473 (99b:55021)},
MRREVIEWER = {Richard John Steiner},
       DOI = {10.1007/s002220050240},
       URL = {http://dx.doi.org/10.1007/s002220050240},
}

@article {Nee92,
    AUTHOR = {Neeman, Amnon},
     TITLE = {The chromatic tower for {$D(R)$}},
      NOTE = {With an appendix by Marcel B{\"o}kstedt},
   JOURNAL = {Topology},
  FJOURNAL = {Topology. An International Journal of Mathematics},
    VOLUME = {31},
      YEAR = {1992},
    NUMBER = {3},
     PAGES = {519--532},
      ISSN = {0040-9383},
     CODEN = {TPLGAF},
   MRCLASS = {18E30},
  MRNUMBER = {1174255 (93h:18018)},
MRREVIEWER = {Steven E. Landsburg},
       DOI = {10.1016/0040-9383(92)90047-L},
       URL = {http://dx.doi.org/10.1016/0040-9383(92)90047-L},
}

@incollection {Nee10-dual,
    AUTHOR = {Neeman, Amnon},
     TITLE = {Dualizing complexes---the modern way},
 BOOKTITLE = {Cycles, motives and {S}himura varieties},
    SERIES = {Tata Inst. Fund. Res. Stud. Math.},
     PAGES = {419--447},
 PUBLISHER = {Tata Inst. Fund. Res.},
   ADDRESS = {Mumbai},
      YEAR = {2010},
   MRCLASS = {14F05},
  MRNUMBER = {2906031},
}

@article {Nee10-adj,
    AUTHOR = {Neeman, Amnon},
     TITLE = {Some adjoints in homotopy categories},
   JOURNAL = {Ann. of Math. (2)},
  FJOURNAL = {Annals of Mathematics. Second Series},
    VOLUME = {171},
      YEAR = {2010},
    NUMBER = {3},
     PAGES = {2143--2155},
      ISSN = {0003-486X},
     CODEN = {ANMAAH},
   MRCLASS = {18Bxx (55Uxx)},
  MRNUMBER = {2680406},
       DOI = {10.4007/annals.2010.171.2143},
       URL = {http://dx.doi.org/10.4007/annals.2010.171.2143},
}

@article {Nee08,
    AUTHOR = {Neeman, Amnon},
     TITLE = {The homotopy category of flat modules, and {G}rothendieck
              duality},
   JOURNAL = {Invent. Math.},
  FJOURNAL = {Inventiones Mathematicae},
    VOLUME = {174},
      YEAR = {2008},
    NUMBER = {2},
     PAGES = {255--308},
      ISSN = {0020-9910},
     CODEN = {INVMBH},
   MRCLASS = {16E05 (16B50 18E30)},
  MRNUMBER = {MR2439608 (2009h:16008)},
MRREVIEWER = {Wolfgang Rump},
       DOI = {10.1007/s00222-008-0131-0},
       URL = {http://dx.doi.org/10.1007/s00222-008-0131-0},
}

@book {Nee01,
    AUTHOR = {Neeman, Amnon},
     TITLE = {Triangulated categories},
    SERIES = {Annals of Mathematics Studies},
    VOLUME = {148},
 PUBLISHER = {Princeton University Press},
   ADDRESS = {Princeton, NJ},
      YEAR = {2001},
     PAGES = {viii+449},
      ISBN = {0-691-08685-0; 0-691-08686-9},
   MRCLASS = {18E30 (55-02 55N20 55U35)},
  MRNUMBER = {MR1812507 (2001k:18010)},
MRREVIEWER = {Stanis{\l}aw Betley},
}

@article {Ni08,
    AUTHOR = {Nicol{\'a}s, Pedro},
     TITLE = {The bar derived category of a curved dg algebra},
   JOURNAL = {J. Pure Appl. Algebra},
  FJOURNAL = {Journal of Pure and Applied Algebra},
    VOLUME = {212},
      YEAR = {2008},
    NUMBER = {12},
     PAGES = {2633--2659},
      ISSN = {0022-4049},
     CODEN = {JPAAA2},
   MRCLASS = {18E30 (16E40 16S80 16W30 18G25)},
  MRNUMBER = {MR2452316 (2009m:18010)},
MRREVIEWER = {Wendy Lowen},
       DOI = {10.1016/j.jpaa.2008.04.001},
       URL = {http://dx.doi.org/10.1016/j.jpaa.2008.04.001},
}

@article {NS09,
    AUTHOR = {Nicol{\'a}s, Pedro and Saor{\'i}n, Manuel},
     TITLE = {Parametrizing recollement data for triangulated categories},
   JOURNAL = {J. Algebra},
  FJOURNAL = {Journal of Algebra},
    VOLUME = {322},
      YEAR = {2009},
    NUMBER = {4},
     PAGES = {1220--1250},
      ISSN = {0021-8693},
     CODEN = {JALGA4},
   MRCLASS = {18Exx},
  MRNUMBER = {MR2537682},
       DOI = {10.1016/j.jalgebra.2009.04.035},
       URL = {http://dx.doi.org/10.1016/j.jalgebra.2009.04.035},
}


@article {PS15,
    AUTHOR = {Parra, Carlos E. and Saor{\'{\i}}n, Manuel},
     TITLE = {Direct limits in the heart of a t-structure: the case of a
              torsion pair},
   JOURNAL = {J. Pure Appl. Algebra},
  FJOURNAL = {Journal of Pure and Applied Algebra},
    VOLUME = {219},
      YEAR = {2015},
    NUMBER = {9},
     PAGES = {4117--4143},
      ISSN = {0022-4049},
   MRCLASS = {18E30 (18E15 18E40)},
  MRNUMBER = {3336001},
       DOI = {10.1016/j.jpaa.2015.02.011},
       URL = {http://dx.doi.org/10.1016/j.jpaa.2015.02.011},
}




@article {Pauk08,
    AUTHOR = {Pauksztello, David},
     TITLE = {Compact corigid objects in triangulated categories and
              co-{$t$}-structures},
   JOURNAL = {Cent. Eur. J. Math.},
  FJOURNAL = {Central European Journal of Mathematics},
    VOLUME = {6},
      YEAR = {2008},
    NUMBER = {1},
     PAGES = {25--42},
      ISSN = {1895-1074},
   MRCLASS = {18E30 (16E45 18E40)},
  MRNUMBER = {2379950 (2009d:18020)},
MRREVIEWER = {Angela Holtmann},
       DOI = {10.2478/s11533-008-0003-2},
       URL = {http://dx.doi.org/10.2478/s11533-008-0003-2},
}

@article {Pauk09,
    AUTHOR = {Pauksztello, David},
     TITLE = {Homological epimorphisms of differential graded algebras},
   JOURNAL = {Comm. Algebra},
  FJOURNAL = {Communications in Algebra},
    VOLUME = {37},
      YEAR = {2009},
    NUMBER = {7},
     PAGES = {2337--2350},
      ISSN = {0092-7872},
     CODEN = {COALDM},
   MRCLASS = {16E45},
  MRNUMBER = {2536923 (2010g:16017)},
MRREVIEWER = {Srikanth B. Iyengar},
       DOI = {10.1080/00927870802623344},
       URL = {http://dx.doi.org/10.1080/00927870802623344},
}

@article {P,
    AUTHOR = {Porta, Marco},
     TITLE = {The {P}opescu-{G}abriel theorem for triangulated categories},
   JOURNAL = {Adv. Math.},
  FJOURNAL = {Advances in Mathematics},
    VOLUME = {225},
      YEAR = {2010},
    NUMBER = {3},
     PAGES = {1669--1715},
      ISSN = {0001-8708},
     CODEN = {ADMTA4},
   MRCLASS = {18E30 (16D90)},
  MRNUMBER = {2673743},
       DOI = {10.1016/j.aim.2010.04.002},
       URL = {http://dx.doi.org/10.1016/j.aim.2010.04.002},
}
@article {Pos,
    AUTHOR = {Positselski, Leonid},
     TITLE = {Two kinds of derived categories, {K}oszul duality, and
              comodule-contramodule correspondence},
   JOURNAL = {Mem. Amer. Math. Soc.},
  FJOURNAL = {Memoirs of the American Mathematical Society},
    VOLUME = {212},
      YEAR = {2011},
    NUMBER = {996},
     PAGES = {vi+133},
      ISSN = {0065-9266},
     CODEN = {MAMCAU},
      ISBN = {978-0-8218-5296-5},
   MRCLASS = {16E35 (16E45 16S37 16T15 18E30)},
  MRNUMBER = {2830562},
MRREVIEWER = {Ji-Wei He},
       DOI = {10.1090/S0065-9266-2010-00631-8},
       URL = {http://dx.doi.org/10.1090/S0065-9266-2010-00631-8},
}
@unpublished {Pos12,
    AUTHOR = {Positselski, Leonid},
    TITLE = {Contraherent cosheaves},
    NOTE = {Preprint, arXiv:1209.2995},
    YEAR = {2012}
}
@unpublished {PT,
    AUTHOR = {Posp{\'{\i}}{\v{s}}il, David and  Trlifaj, Jan},
     TITLE = {Tilting for commutative noetherian rings of global dimension two},
NOTE = {Preprint, arXiv:????????????},
      YEAR = {2013}
 }


@incollection {Q,
    AUTHOR = {Quillen, Daniel},
     TITLE = {Higher algebraic {$K$}-theory. {I}},
 BOOKTITLE = {Algebraic {$K$}-theory, {I}: {H}igher {$K$}-theories ({P}roc.
              {C}onf., {B}attelle {M}emorial {I}nst., {S}eattle, {W}ash.,
              1972)},
     PAGES = {85--147. Lecture Notes in Math., Vol. 341},
 PUBLISHER = {Springer},
   ADDRESS = {Berlin},
      YEAR = {1973},
   MRCLASS = {18F25},
  MRNUMBER = {MR0338129 (49 \#2895)},
MRREVIEWER = {Stephen M. Gersten},
}

@book {QHtp,
    AUTHOR = {Quillen, Daniel G.},
     TITLE = {Homotopical algebra},
    SERIES = {Lecture Notes in Mathematics, No. 43},
 PUBLISHER = {Springer-Verlag},
   ADDRESS = {Berlin},
      YEAR = {1967},
     PAGES = {iv+156 pp. (not consecutively paged)},
   MRCLASS = {18.20 (55.00)},
  MRNUMBER = {0223432 (36 \#6480)},
MRREVIEWER = {A. K. Bousfield},
}

@article {RG,
    AUTHOR = {Raynaud, Michel and Gruson, Laurent},
     TITLE = {Crit\`eres de platitude et de projectivit\'e. {T}echniques de
              ``platification'' d'un module},
   JOURNAL = {Invent. Math.},
  FJOURNAL = {Inventiones Mathematicae},
    VOLUME = {13},
      YEAR = {1971},
     PAGES = {1--89},
      ISSN = {0020-9910},
   MRCLASS = {14A15 (13C10)},
  MRNUMBER = {0308104},
MRREVIEWER = {M. Maruyama},
}




@article {Rav84,
    AUTHOR = {Ravenel, Douglas C.},
     TITLE = {Localization with respect to certain periodic homology
              theories},
   JOURNAL = {Amer. J. Math.},
  FJOURNAL = {American Journal of Mathematics},
    VOLUME = {106},
      YEAR = {1984},
    NUMBER = {2},
     PAGES = {351--414},
      ISSN = {0002-9327},
     CODEN = {AJMAAN},
   MRCLASS = {55P42},
  MRNUMBER = {737778 (85k:55009)},
MRREVIEWER = {J. F. Adams},
       DOI = {10.2307/2374308},
       URL = {http://dx.doi.org/10.2307/2374308},
}


@unpublished {PS,
    AUTHOR = {Parra Carlos and Manuel Saor\'in},
     TITLE = {Direct limits in the heart of a $t$-structure: the case of a forsion pair},
NOTE = {Preprint,   arXiv:1311.6166},
      YEAR = {2014}
 }


@article {Ro,
    AUTHOR = {Rosick{\'y}, J.},
     TITLE = {Flat covers and factorizations},
   JOURNAL = {J. Algebra},
  FJOURNAL = {Journal of Algebra},
    VOLUME = {253},
      YEAR = {2002},
    NUMBER = {1},
     PAGES = {1--13},
      ISSN = {0021-8693},
     CODEN = {JALGA4},
   MRCLASS = {16D90 (18A32)},
  MRNUMBER = {MR1925005 (2003h:16007)},
MRREVIEWER = {Rafail Alizade},
       DOI = {10.1016/S0021-8693(02)00043-1},
       URL = {http://dx.doi.org/10.1016/S0021-8693(02)00043-1},
}

@article {Rump,
    AUTHOR = {Rump, Wolfgang},
     TITLE = {Flat covers in abelian and in non-abelian categories},
   JOURNAL = {Adv. Math.},
  FJOURNAL = {Advances in Mathematics},
    VOLUME = {225},
      YEAR = {2010},
    NUMBER = {3},
     PAGES = {1589--1615},
      ISSN = {0001-8708},
     CODEN = {ADMTA4},
   MRCLASS = {18E05 (16D90 18A35 18C35 18F20)},
  MRNUMBER = {2673740 (2011m:18019)},
MRREVIEWER = {Mike Prest},
       DOI = {10.1016/j.aim.2010.03.027},
       URL = {http://dx.doi.org/10.1016/j.aim.2010.03.027},
}

@incollection {Sal,
    AUTHOR = {Salce, Luigi},
     TITLE = {Cotorsion theories for abelian groups},
 BOOKTITLE = {Symposia {M}athematica, {V}ol. {XXIII} ({C}onf. {A}belian
              {G}roups and their {R}elationship to the {T}heory of
              {M}odules, {INDAM}, {R}ome, 1977)},
     PAGES = {11--32},
 PUBLISHER = {Academic Press},
   ADDRESS = {London},
      YEAR = {1979},
   MRCLASS = {20K40 (18E40)},
  MRNUMBER = {MR565595 (81j:20078)},
MRREVIEWER = {P. L. Sperry},
}

@article {SaoSt11,
    AUTHOR = {Saor{\'{\i}}n, Manuel and {\v{S}}{\v{t}}ov{\'{\i}}{\v{c}}ek, Jan},
     TITLE = {On exact categories and applications to triangulated adjoints and model structures},
   JOURNAL = {Adv. Math.},
  FJOURNAL = {Advances in Mathematics},
    VOLUME = {228},
      YEAR = {2011},
    NUMBER = {2},
     PAGES = {968--1007},
      ISSN = {0001-8708},
       DOI = {10.1016/j.aim.2011.05.025},
       URL = {http://dx.doi.org/10.1016/j.aim.2011.05.025},
}

@article {SaSt08,
    AUTHOR = {{\v{S}}aroch, Jan and {\v{S}}{\v{t}}ov{\'{\i}}{\v{c}}ek, Jan},
     TITLE = {The countable telescope conjecture for module categories},
   JOURNAL = {Adv. Math.},
  FJOURNAL = {Advances in Mathematics},
    VOLUME = {219},
      YEAR = {2008},
    NUMBER = {3},
     PAGES = {1002--1036},
      ISSN = {0001-8708},
     CODEN = {ADMTA4},
   MRCLASS = {16E30 (16D90 18E30 18G25)},
  MRNUMBER = {2442060 (2009g:16013)},
MRREVIEWER = {Simion Sorin P. Breaz},
       DOI = {10.1016/j.aim.2008.05.012},
       URL = {http://dx.doi.org/10.1016/j.aim.2008.05.012},
}

@book {Scho,
    AUTHOR = {Schofield, A. H.},
     TITLE = {Representation of rings over skew fields},
    SERIES = {London Mathematical Society Lecture Note Series},
    VOLUME = {92},
 PUBLISHER = {Cambridge University Press, Cambridge},
      YEAR = {1985},
     PAGES = {xii+223},
      ISBN = {0-521-27853-8},
   MRCLASS = {16-02 (16A08 16A39 16A40 16A50 20E06)},
  MRNUMBER = {800853},
MRREVIEWER = {G. M. Bergman},
       DOI = {10.1017/CBO9780511661914},
       URL = {http://dx.doi.org/10.1017/CBO9780511661914},
}

@article {SchSh00,
    AUTHOR = {Schwede, Stefan and Shipley, Brooke E.},
     TITLE = {Algebras and modules in monoidal model categories},
   JOURNAL = {Proc. London Math. Soc. (3)},
  FJOURNAL = {Proceedings of the London Mathematical Society. Third Series},
    VOLUME = {80},
      YEAR = {2000},
    NUMBER = {2},
     PAGES = {491--511},
      ISSN = {0024-6115},
     CODEN = {PLMTAL},
   MRCLASS = {18D10 (18D50 55P48 55U35)},
  MRNUMBER = {1734325 (2001c:18006)},
MRREVIEWER = {Mark Hovey},
       DOI = {10.1112/S002461150001220X},
       URL = {http://dx.doi.org/10.1112/S002461150001220X},
}
@article {S,
    AUTHOR = {Shelah, Saharon},
     TITLE = {Every two elementarily equivalent models have isomorphic
              ultrapowers},
   JOURNAL = {Israel J. Math.},
  FJOURNAL = {Israel Journal of Mathematics},
    VOLUME = {10},
      YEAR = {1971},
     PAGES = {224--233},
      ISSN = {0021-2172},
   MRCLASS = {02H99},
  MRNUMBER = {0297554 (45 \#6608)},
MRREVIEWER = {J. L. Bell},
}



@article {Sid,
    AUTHOR = {Siddoway, Michael F.},
     TITLE = {On endomorphism rings of modules over {H}enselian rings},
   JOURNAL = {Comm. Algebra},
  FJOURNAL = {Communications in Algebra},
    VOLUME = {18},
      YEAR = {1990},
    NUMBER = {5},
     PAGES = {1323--1335},
      ISSN = {0092-7872},
     CODEN = {COALDM},
   MRCLASS = {16S50 (13C05 13J15)},
  MRNUMBER = {1059732 (92e:16023)},
       DOI = {10.1080/00927879008823967},
       URL = {http://dx.doi.org/10.1080/00927879008823967},
}




@article {Sil67,
    AUTHOR = {Silver, L.},
     TITLE = {Noncommutative localizations and applications},
   JOURNAL = {J. Algebra},
  FJOURNAL = {Journal of Algebra},
    VOLUME = {7},
      YEAR = {1967},
     PAGES = {44--76},
      ISSN = {0021-8693},
   MRCLASS = {16.40},
  MRNUMBER = {0217114 (36 \#205)},
MRREVIEWER = {E. A. Walker},
}

@article {Spa88,
    AUTHOR = {Spaltenstein, N.},
     TITLE = {Resolutions of unbounded complexes},
   JOURNAL = {Compositio Math.},
  FJOURNAL = {Compositio Mathematica},
    VOLUME = {65},
      YEAR = {1988},
    NUMBER = {2},
     PAGES = {121--154},
      ISSN = {0010-437X},
     CODEN = {PMAF},
   MRCLASS = {18E25 (32C35)},
  MRNUMBER = {932640 (89m:18013)},
MRREVIEWER = {Michael M. Kapranov},
       URL = {http://www.numdam.org/item?id=CM_1988__65_2_121_0},
}

@book {Ste75,
    AUTHOR = {Stenstr{\"o}m, Bo},
     TITLE = {Rings of quotients},
      NOTE = {Die Grundlehren der Mathematischen Wissenschaften, Band 217,
              An introduction to methods of ring theory},
 PUBLISHER = {Springer-Verlag},
   ADDRESS = {New York},
      YEAR = {1975},
     PAGES = {viii+309},
   MRCLASS = {16-02},
  MRNUMBER = {MR0389953 (52 \#10782)},
MRREVIEWER = {G. Michler},
}



@article {St06,
    AUTHOR = {{\v{S}}{\v{t}}ov{\'{\i}}{\v{c}}ek, Jan},
     TITLE = {All {$n$}-cotilting modules are pure-injective},
   JOURNAL = {Proc. Amer. Math. Soc.},
  FJOURNAL = {Proceedings of the American Mathematical Society},
    VOLUME = {134},
      YEAR = {2006},
    NUMBER = {7},
     PAGES = {1891--1897 (electronic)},
      ISSN = {0002-9939},
     CODEN = {PAMYAR},
   MRCLASS = {16D10 (03E75)},
  MRNUMBER = {2215116 (2007a:16005)},
MRREVIEWER = {Silvana Bazzoni},
       DOI = {10.1090/S0002-9939-06-08256-6},
       URL = {http://dx.doi.org/10.1090/S0002-9939-06-08256-6},
}




@article {St10-loc,
    AUTHOR = {{\v{S}}{\v{t}}ov{\'{\i}}{\v{c}}ek, Jan},
     TITLE = {Locally well generated homotopy categories of complexes},
   JOURNAL = {Doc. Math.},
  FJOURNAL = {Documenta Mathematica},
    VOLUME = {15},
      YEAR = {2010},
     PAGES = {507--525},
      ISSN = {1431-0635},
   MRCLASS = {18G35 (16E05 18E30 18E35 55U35)},
  MRNUMBER = {2657376},
MRREVIEWER = {Wolfgang Rump},
}


@article {St10-deconstr,
    AUTHOR = {{\v{S}}{\v{t}}ov{\'{\i}}{\v{c}}ek, Jan},
     TITLE = {Deconstructibility and {H}ill lemma in {G}rothendieck categories},
JOURNAL = {Forum Math.}, FJOURNAL = {Forum Mathematicum}, VOLUME = {25}, YEAR = {2013}, NUMBER = {1}, PAGES = {193--219}, ISSN = {0933-7741}, MRCLASS = {18E15 (16D70 18G35)}, MRNUMBER = {3010854}, MRREVIEWER = {Alex Martsinkovsky},
}

@article {St10-telescope,
    AUTHOR = {{\v{S}}{\v{t}}ov{\'{\i}}{\v{c}}ek, Jan},
     TITLE = {Telescope conjecture, idempotent ideals, and the transfinite
              radical},
   JOURNAL = {Trans. Amer. Math. Soc.},
  FJOURNAL = {Transactions of the American Mathematical Society},
    VOLUME = {362},
      YEAR = {2010},
    NUMBER = {3},
     PAGES = {1475--1489},
      ISSN = {0002-9947},
     CODEN = {TAMTAM},
   MRCLASS = {18E35 (16D90 16E30)},
  MRNUMBER = {2563737 (2010j:18024)},
MRREVIEWER = {Simion Sorin P. Breaz},
       DOI = {10.1090/S0002-9947-09-04812-0},
       URL = {http://dx.doi.org/10.1090/S0002-9947-09-04812-0},
}

@unpublished {StPo,
    AUTHOR = {{\v{S}}{\v{t}}ov{\'{\i}}{\v{c}}ek, Jan and Posp{\'{\i}}{\v{s}}il, David},
     TITLE = {On compactly generated torsion pairs and the classification of co-{$t$}-structures for commutative noetherian rings},
      NOTE = {Preprint, arXiv:1212.3122v1},
      YEAR = {2012}
}

@article {StT,
    AUTHOR = {{\v{S}}{\v{t}}ov{\'{\i}}{\v{c}}ek, Jan and Trlifaj, Jan},
     TITLE = {Generalized {H}ill lemma, {K}aplansky theorem for cotorsion
              pairs and some applications},
   JOURNAL = {Rocky Mountain J. Math.},
  FJOURNAL = {The Rocky Mountain Journal of Mathematics},
    VOLUME = {39},
      YEAR = {2009},
    NUMBER = {1},
     PAGES = {305--324},
      ISSN = {0035-7596},
     CODEN = {RMJMAE},
   MRCLASS = {16D10},
  MRNUMBER = {MR2476814 (2009m:16004)},
MRREVIEWER = {Silvana Bazzoni},
       DOI = {10.1216/RMJ-2009-39-1-305},
       URL = {http://dx.doi.org/10.1216/RMJ-2009-39-1-305},
}

@incollection {Sto13,
    AUTHOR = {{\v{S}}{\v{t}}ov{\'{\i}}{\v{c}}ek, Jan},
     TITLE = {Exact model categories, approximation theory, and cohomology
              of quasi-coherent sheaves},
 BOOKTITLE = {Advances in representation theory of algebras},
    SERIES = {EMS Ser. Congr. Rep.},
     PAGES = {297--367},
 PUBLISHER = {Eur. Math. Soc., Z\"urich},
      YEAR = {2013},
   MRCLASS = {18E10 (18E30 18F20)},
  MRNUMBER = {3220541},
}
@article {Sto14,
    AUTHOR = {{\v{S}}{\v{t}}ov{\'{\i}}{\v{c}}ek, Jan},
     TITLE = {Derived equivalences induced by big cotilting modules},
   JOURNAL = {Adv. Math.},
  FJOURNAL = {Advances in Mathematics},
    VOLUME = {263},
      YEAR = {2014},
     PAGES = {45--87},
      ISSN = {0001-8708},
   MRCLASS = {18E30 (18E10 18G55)},
  MRNUMBER = {3239134},
       DOI = {10.1016/j.aim.2014.06.007},
       URL = {http://dx.doi.org/10.1016/j.aim.2014.06.007},
}
@unpublished {Stopurity,
AUTHOR = {{\v{S}}{\v{t}}ov{\'{\i}}{\v{c}}ek, Jan},
 TITLE = {On purity and applications to coderived and singularity categories},
	NOTE = {Preprint, arXiv:},
      YEAR = {2014}
}

@unpublished {Sto16,
AUTHOR = {{\v{S}}{\v{t}}ov{\'{\i}}{\v{c}}ek, Jan},
 TITLE = {note},
	NOTE = {},
      YEAR = {2016}
}


@incollection {TT,
    AUTHOR = {Thomason, R. W. and Trobaugh, Thomas},
     TITLE = {Higher algebraic {$K$}-theory of schemes and of derived
              categories},
 BOOKTITLE = {The {G}rothendieck {F}estschrift, {V}ol.\ {III}},
    SERIES = {Progr. Math.},
    VOLUME = {88},
     PAGES = {247--435},
 PUBLISHER = {Birkh\"auser Boston},
   ADDRESS = {Boston, MA},
      YEAR = {1990},
   MRCLASS = {19E08 (14C35 19D10)},
  MRNUMBER = {MR1106918 (92f:19001)},
MRREVIEWER = {Charles Weibel},
       DOI = {10.1007/978-0-8176-4576-2_10},
       URL = {http://dx.doi.org/10.1007/978-0-8176-4576-2_10},
}
@incollection {Tr07,
    AUTHOR = {Trlifaj, Jan},
     TITLE = {Infinite dimensional tilting modules and cotorsion pairs},
 BOOKTITLE = {Handbook of tilting theory},
    SERIES = {London Math. Soc. Lecture Note Ser.},
    VOLUME = {332},
     PAGES = {279--321},
 PUBLISHER = {Cambridge Univ. Press},
   ADDRESS = {Cambridge},
      YEAR = {2007},
   MRCLASS = {16D90 (16E10 16E30 16G10)},
  MRNUMBER = {2384614 (2009b:16012)},
MRREVIEWER = {Lidia Angeleri H{\"u}gel},
       DOI = {10.1017/CBO9780511735134.011},
       URL = {http://dx.doi.org/10.1017/CBO9780511735134.011},
}


@article {Tr,
    AUTHOR = {Trlifaj, Jan},
     TITLE = {Filtrations for the roots of {E}xt},
   JOURNAL = {Milan J. Math.},
  FJOURNAL = {Milan Journal of Mathematics},
    VOLUME = {75},
      YEAR = {2007},
     PAGES = {61--90},
      ISSN = {1424-9286},
   MRCLASS = {16E30 (03E75)},
  MRNUMBER = {MR2371538 (2008k:16015)},
MRREVIEWER = {Mariano Suarez-Alvarez},
       DOI = {10.1007/s00032-007-0066-8},
       URL = {http://dx.doi.org/10.1007/s00032-007-0066-8},
}



@article {War2,
    AUTHOR = {Warfield, Jr., R. B.},
     TITLE = {A {K}rull-{S}chmidt theorem for infinite sums of modules},
   JOURNAL = {Proc. Amer. Math. Soc.},
  FJOURNAL = {Proceedings of the American Mathematical Society},
    VOLUME = {22},
      YEAR = {1969},
     PAGES = {460--465},
      ISSN = {0002-9939},
   MRCLASS = {16.40},
  MRNUMBER = {0242886 (39 \#4213)},
MRREVIEWER = {B. J. Mueller},
}
@article {War1,
    AUTHOR = {Warfield, Jr., R. B.},
     TITLE = {Purity and algebraic compactness for modules},
   JOURNAL = {Pacific J. Math.},
  FJOURNAL = {Pacific Journal of Mathematics},
    VOLUME = {28},
      YEAR = {1969},
     PAGES = {699--719},
      ISSN = {0030-8730},
   MRCLASS = {16.40},
  MRNUMBER = {0242885},
MRREVIEWER = {B. Stenstr{\"o}m},
}




@book {Wis,
    AUTHOR = {Wisbauer, Robert},
     TITLE = {Grundlagen der {M}odul- und {R}ingtheorie},
      NOTE = {Ein Handbuch f{\"u}r Studium und Forschung. [A handbook for
              study and research]},
 PUBLISHER = {Verlag Reinhard Fischer},
   ADDRESS = {Munich},
      YEAR = {1988},
     PAGES = {vi+596},
      ISBN = {3-88927-044-1},
   MRCLASS = {16-01 (16A53 16A90)},
  MRNUMBER = {MR969132 (90e:16001)},
MRREVIEWER = {Birge Huisgen-Zimmermann},
}
@article {Ziegler,
    AUTHOR = {Ziegler, Martin},
     TITLE = {Model theory of modules},
   JOURNAL = {Ann. Pure Appl. Logic},
  FJOURNAL = {Annals of Pure and Applied Logic},
    VOLUME = {26},
      YEAR = {1984},
    NUMBER = {2},
     PAGES = {149--213},
      ISSN = {0168-0072},
     CODEN = {APALD7},
   MRCLASS = {03C60 (13C05 16A52)},
  MRNUMBER = {739577 (86c:03034)},
MRREVIEWER = {Chantal Berline},
       DOI = {10.1016/0168-0072(84)90014-9},
       URL = {http://dx.doi.org/10.1016/0168-0072(84)90014-9},
}
@article {YL11,
    AUTHOR = {Yang, Gang and Liu, Zhongkui},
     TITLE = {Cotorsion pairs and model structures on {${\mathrm{Ch}}(R)$}},
   JOURNAL = {Proc. Edinb. Math. Soc. (2)},
  FJOURNAL = {Proceedings of the Edinburgh Mathematical Society. Series II},
    VOLUME = {54},
      YEAR = {2011},
    NUMBER = {3},
     PAGES = {783--797},
      ISSN = {0013-0915},
   MRCLASS = {16D90 (18G35 18G55)},
  MRNUMBER = {2837480 (2012h:16012)},
MRREVIEWER = {James Russell Gillespie},
       DOI = {10.1017/S0013091510000489},
       URL = {http://dx.doi.org/10.1017/S0013091510000489},
}
