@article{nakaoka2011general,
  title={General heart construction on a triangulated category (I): unifying t-structures and cluster tilting subcategories},
  author={Nakaoka, Hiroyuki},
  journal={Applied Categorical Structures},
  volume={19},
  number={6},
  pages={879--899},
  year={2011},
  publisher={Springer}
}
